3036 4770
405 315 573 384 appendix.
593 314 737 384 epistula
755 315 793 368 ad
812 315 1009 378 (bolonorum,
1027 331 1049 368 o.
1065 318 1172 372 13-16.
1291 298 1353 362 447

213 511 274 552 una
289 494 435 552 sententia
450 494 662 568 comprehendit
678 497 707 553 et
723 495 858 553 latentem
872 494 1018 552 hominum
1031 494 1235 553 conscientiam
1247 499 1355 555 secreto

213 589 304 647 animi
319 589 421 647 indicio
437 593 487 647 ant
503 589 627 649 absoluit
642 592 691 648 aut
707 591 831 649 damnat.

260 690 309 744 15.
333 686 377 743 Ad
397 702 509 744 omnem
530 685 619 760 igitur
638 689 746 756 actum,
769 687 804 744 ad
825 703 907 744 omne
928 688 1060 756 uerbum,
1082 685 1117 743 ad
1138 703 1248 744 omnem
1269 686 1355 744 etiam

215 780 370 853 cogitatum
394 781 462 840 haec
484 781 632 858 sententia
651 784 831 851 retractetur,
860 798 932 854 quae
955 781 1008 840 tibi
1027 781 1110 855 quasi
1134 799 1185 855 per
1209 782 1354 855 speculum

171 894 186 932 s
216 876 354 949 quoddam
374 880 505 951 paratum
525 880 554 935 et
574 878 608 935 ad
627 894 744 935 manum
763 894 874 951 semper
889 876 1014 950 positum
1033 876 1199 951 qualitatem
1219 881 1285 936 tuae
1303 895 1354 936 uo-

214 971 337 1030 luntatis
353 974 486 1032 ostendat
501 975 585 1046 atque
602 972 686 1031 etiam
702 972 748 1030 uel
764 974 797 1031 de
813 971 920 1031 iniusto
932 989 1015 1046 opere
1027 974 1163 1047 coarguat
1175 972 1221 1030 uel
1233 975 1266 1032 do
1279 973 1355 1032 iusto

215 1066 356 1126 laetificet.
388 1068 643 1142 quotienscumque
665 1067 740 1127 enim
761 1068 846 1127 talem
868 1068 899 1126 in
919 1067 1039 1126 alterum
1059 1069 1194 1127 habueris
1216 1070 1353 1142 animum,

214 1162 326 1236 qualem
341 1162 373 1221 in
388 1166 417 1223 te
433 1167 468 1223 ab
484 1165 574 1223 altero
594 1163 703 1223 seruari
722 1164 814 1238 cupis,
834 1163 987 1237 aequitatis
1009 1164 1084 1221 uiam
1104 1168 1200 1233 tenes;
1220 1165 1353 1239 quotiens

215 1276 283 1317 uero
298 1259 366 1318 talis
381 1277 450 1334 erga
465 1261 586 1319 alterum
603 1259 703 1330 lucris,
719 1259 831 1334 qualem
846 1260 877 1318 in
893 1263 921 1318 te
933 1259 978 1318 uis
991 1260 1144 1332 neminem,
1160 1261 1215 1318 iter
1226 1260 1354 1320 iustitiae

160 1372 188 1411 io
214 1354 365 1428 reliquisti.
400 1373 435 1414 en
451 1359 542 1415 totum
563 1356 632 1415 illud
652 1358 771 1415 arduum
787 1355 901 1414 diuinae
921 1356 993 1429 legis
1009 1358 1155 1430 totumque
1171 1355 1295 1426 difficile,
1317 1376 1353 1416 en

214 1453 249 1509 ob
264 1468 348 1524 quam
364 1453 435 1509 dura
450 1451 569 1526 imperia
583 1452 696 1511 domiuo
712 1452 898 1511 reclamamus
915 1453 945 1509 et
959 1450 1079 1511 dicimus
1099 1469 1152 1511 nos
1169 1452 1212 1510 uel
1230 1452 1353 1511 difficul-

213 1547 273 1604 tate
295 1545 341 1604 uel
364 1546 595 1620 impossibilitate
618 1548 815 1606 mandatorum
838 1546 936 1621 premi.
972 1564 1025 1605 noc
1047 1545 1156 1604 suflicit
1177 1549 1250 1620 quod
1274 1547 1353 1606 iussa

214 1658 272 1699 non
288 1640 419 1713 facimus,
436 1642 493 1701 nisi
509 1643 594 1702 etiam
610 1643 756 1701 iubentem
773 1642 913 1700 iniustum
928 1642 1158 1715 pronuntiemus,
1178 1644 1243 1700 dum
1259 1642 1353 1717 ipsum

214 1737 368 1811 aequitatis
388 1741 531 1797 auctorem
554 1756 613 1798 uon
633 1739 713 1797 modo
736 1739 806 1797 dura
826 1740 855 1796 et
873 1738 962 1796 ardua
984 1739 1032 1796 sed
1056 1737 1245 1812 impossibilia
1266 1738 1352 1797 etiam

161 1848 187 1888 is
214 1833 393 1907 praecepisse
412 1834 622 1909 conquerimur.
653 1834 779 1903 omnia,
804 1833 908 1907 inquit,
932 1850 1164 1907 quaecumque
1186 1834 1295 1893 uultis
1316 1838 1353 1893 ut

214 1926 348 1987 iaciant
366 1930 465 1989 uobis
484 1930 654 2002 homines,
676 1931 757 1989 haec
777 1932 810 1989 ot
825 1947 884 1988 uos
904 1928 1011 1988 lecito
1026 1929 1112 1988 illis.
1135 1930 1274 2004 coniungi
1289 1929 1354 1989 uult

214 2023 290 2083 inter
306 2042 358 2084 uos
374 2028 459 2098 atque
474 2026 584 2085 conecti
600 2044 650 2100 per
662 2028 761 2084 mutua
776 2024 914 2085 beneficia
928 2025 1076 2083 caritatem
1092 2043 1246 2099 omnesque
1262 2026 1351 2085 homi·

215 2136 266 2177 nes
278 2119 386 2180 uicario
400 2121 476 2179 inter
492 2139 522 2180 se
538 2139 633 2181 amoro
648 2121 785 2196 copulari,
802 2123 835 2179 ut
850 2121 877 2178 id
893 2137 1062 2194 unoquoque
1077 2124 1244 2195 praestante
1260 2121 1353 2192 alteri,

214 2216 288 2288 quod
303 2215 358 2275 sibi
374 2220 410 2275 ab
425 2217 557 2276 omnibus
577 2217 718 2291 praestari
740 2216 818 2288 uelit,
840 2217 902 2275 tota
922 2216 1034 2274 iustitia
1053 2220 1082 2274 ot
1100 2219 1281 2291 praeceptum
1302 2217 1354 2276 hoc

159 2327 186 2365 ao
214 2310 257 2368 dei
273 2312 431 2371 communis
447 2313 486 2371 sit
500 2312 613 2371 utilitas
629 2312 784 2372 hominum.
816 2314 846 2370 et
861 2329 876 2370 o
892 2311 991 2369 miram
1008 2312 1200 2370 clementiam!
1219 2331 1235 2371 o
1251 2311 1352 2371 ineffa-

213 2405 298 2464 bilem
315 2407 359 2466 dei
375 2408 597 2483 benignitatem!
613 2407 770 2482 praemium
786 2407 870 2466 nobis
885 2406 1045 2480 pollicetur,
1065 2406 1090 2464 si
1106 2424 1159 2465 nos
1174 2409 1272 2466 mutuo
1288 2407 1353 2467 dili·

213 2517 323 2574 gamus,
342 2503 368 2561 id
381 2506 426 2563 est
437 2504 462 2563 si
474 2504 558 2563 nobis
572 2521 606 2563 oa
619 2505 797 2578 praestemus
814 2503 945 2572 inuicem,
963 2520 1081 2577 quorum
1097 2502 1224 2563 uicissim
1240 2503 1352 2578 indigo-

213 2614 290 2667 mus3
312 2602 340 2658 et
355 2618 408 2660 nos
429 2603 551 2675 superbo
567 2600 652 2659 simul
668 2601 697 2658 et
712 2599 826 2674 ingrato
842 2598 937 2657 animo
952 2597 1014 2658 eius
1029 2599 1182 2658 renitimur
1197 2599 1351 2671 uoluntati,

213 2693 294 2752 cuius
310 2695 395 2754 etiam
410 2696 561 2770 imperium
575 2695 743 2756 beneficium
759 2697 812 2754 est.

162 2807 188 2848 aa
260 2795 308 2849 16.
325 2791 405 2849 Nulli
420 2809 554 2867 umquam
570 2792 686 2852 omnino
702 2791 835 2850 detrahas
850 2792 878 2849 et
894 2790 1012 2849 aliorum
1025 2789 1236 2865 uituperatione
1247 2792 1275 2849 to
1287 2790 1348 2848 lau-

214 2884 333 2944 dabilem
349 2886 440 2946 uideri
456 2887 540 2959 uotis,
558 2887 707 2963 magisque
722 2886 812 2945 uitam
827 2889 906 2945 tuam
921 2903 1023 2947 ornare
1038 2886 1114 2945 disce
1130 2903 1213 2960 quam
1229 2886 1352 2944 alienam

213 2997 338 3056 carpere.
356 2999 390 3041 ac
404 3000 516 3059 semper
528 2983 687 3058 scripturae
702 2986 881 3042 memoresto
897 2982 1032 3041 dicentis:
1049 2982 1120 3041 noli
1136 2981 1283 3057 diligere
1299 2984 1351 3040 de·

212 3077 366 3150 trabere,
388 3096 429 3138 ne
444 3079 642 3141 eradiceris,
663 3078 747 3154 pauci
762 3079 910 3137 admodum
927 3079 997 3137 sunt
1011 3078 1060 3152 qui
1075 3077 1141 3136 huic
1157 3077 1227 3135 uitio
1243 3095 1351 3136 renun-

317 3276 362 3345 15]
380 3275 514 3340 11111117,
529 3280 569 3333 12.
625 3276 673 3345 27]
691 3275 770 3329 Prou.
783 3277 825 3339 20,
840 3277 880 3331 13.

208 3441 212 3450 ’
256 3461 325 3516 ssad
343 3461 510 3515 omnem-t.
527 3463 559 3516 10
577 3458 708 3528 reliquisti
726 3468 820 3526 coru
871 3458 953 3525 iper
971 3474 1021 3513 oro.
1039 3474 1081 3511 av
1139 3455 1265 3524 batque]
1284 3471 1314 3509 ao
1331 3473 1352 3510 a

212 3547 282 3602 iusto
299 3566 321 3602 a
391 3547 535 3617 redarguat
552 3566 572 3603 a
640 3549 657 3603 8
675 3544 708 3601 ab
728 3545 811 3599 altero
829 3544 859 3598 in
880 3547 907 3598 te
928 3562 949 3599 a
1019 3547 1051 3600 10
1074 3541 1239 3612 dereliquisti
1260 3542 1350 3599 Rosa.

212 3633 279 3688 illud
309 3653 360 3691 om.
389 3645 412 3702 ψ
482 3633 588 3688 diuinae
613 3633 680 3703 legis
711 3632 824 3687 arduum
853 3641 901 3699 ιιψ
970 3646 1004 3684 eu
1031 3628 1064 3683 ob
1088 3630 1109 3697 q
1137 3646 1163 3696 v,
1190 3629 1300 3698 inquam
1329 3640 1351 3696 ψ

213 3724 244 3777 ll
273 3721 365 3791 quam]
393 3738 500 3776 eausam
529 3723 593 3777 add.
621 3740 641 3777 a
711 3719 812 3773 domini
838 3735 856 3770 o
929 3719 960 3772 12
990 3716 1071 3770 etiam
1101 3715 1275 3784 impossibilia
1303 3726 1351 3783 ιιψ

215 3812 246 3864 15
264 3823 446 3878 quaecumque
463 3807 552 3877 inquit
570 3820 593 3877 ψ
664 3810 696 3864 19
714 3805 829 3875 iustitia]
848 3805 984 3908 11131119,
1003 3803 1043 3856 uis
1062 3803 1114 3856 ista
1131 3821 1148 3855 v
1219 3802 1281 3870 hoc]
1300 3801 1350 3855 hoc

212 3925 253 3975 est
270 3939 289 3976 a
359 3925 393 3978 20
416 3921 540 3975 utilitatis
562 3938 580 3973 υ
650 3919 819 3975 clementiam
842 3916 989 3984 dominia,
1012 3914 1181 3969 clementiam
1204 3914 1304 3968 domini
1327 3924 1350 3981 ψ

211 4011 243 4065 21
264 4008 306 4062 dei
325 4026 409 4065 ema
460 4007 645 4063 nobismet
697 4010 791 4061 mutuo
807 4023 879 4075 syo,
896 4003 1010 4057 inuicem
1028 4014 1076 4070 aue
1127 4004 1162 4057 22
1178 4000 1350 4056 bobbone

211 4098 246 4151 23
268 4094 456 4164 superbissimo
477 4105 525 4163 ιιψ
594 4094 650 4148 eius
672 4112 723 4150 om.
742 4112 762 4149 a
831 4091 970 4147 2411111111
992 4107 1043 4145 om.
1061 4100 1110 4158 ura
1179 4091 1213 4144 25
1234 4091 1262 4141 et
1277 4105 1350 4158 ayo,

215 4197 263 4238 nec
280 4194 328 4252 ιιψ
392 4184 426 4239 26
444 4182 521 4236 uide?
536 4200 557 4236 a
621 4185 677 4236 tam
695 4182 824 4250 1111111119,
843 4184 917 4233 tuam
935 4178 1021 4231 uitam
1038 4188 1108 4245 uoq»
1168 4191 1261 4228 ornare
1279 4192 1350 4245 cryc,

213 4271 335 4324 ordinare
353 4282 402 4339 up
453 4272 487 4325 27
506 4268 549 4337 ac]
568 4273 636 4338 etur
688 4271 722 4324 28
740 4266 898 4335 admodum]
916 4265 1014 4318 nanim
1032 4280 1075 4333 ary
