3036 4770
243 301 303 364 176
572 319 598 371 S.
612 319 744 372 Paulini
763 318 884 372 Nolani
903 319 1048 387 episcopi

240 496 414 579 iniquitatis
445 500 560 560 utatur.
606 496 755 560 deieimus
786 513 859 579 ergo
889 495 972 559 hunc
1003 495 1165 559 inimicum
1196 495 1291 559 domu
1321 513 1381 559 sna

239 601 368 664 interitu
400 600 584 683 subiugatos
612 602 724 679 carnis,
758 618 820 681 qua
854 600 1001 663 adiutrice
1036 601 1121 663 intus
1154 600 1186 662 in
1221 598 1381 664 nobismet

240 705 315 787 ipsis
343 704 443 770 hostis
473 706 611 769 inclusus
640 705 786 768 intestino
815 705 953 768 animam
982 708 1120 768 nostram
1148 702 1230 768 bello
1266 704 1380 785 quatit,

240 809 369 873 crimine
397 810 567 873 uoluntatis
594 814 720 873 nostrae
743 812 852 892 potens
876 810 973 872 nostri
996 809 1109 887 iactus,
1140 812 1246 872 nostra
1268 809 1382 872 aduer-

240 932 293 978 sus
317 932 374 978 nos
397 915 472 978 uitia
494 914 646 978 satellites
666 913 762 977 habet
780 914 1019 995 interioremque
1039 916 1181 977 nostrum
1205 913 1381 977 ministerio
1424 943 1438 981 1

240 1019 398 1083 exterioris
422 1023 590 1101 oppugnat.

287 1121 334 1186 18.
364 1121 424 1187 Sed
454 1123 690 1186 meminerimus
717 1123 811 1206 pacti,
843 1140 902 1204 quo
929 1141 985 1204 per
1014 1122 1213 1204 baptismatis
1242 1123 1382 1205 gretiam

241 1228 413 1309 consepulti
445 1227 569 1291 Christo
600 1228 631 1290 in
662 1229 760 1290 crucis
795 1231 991 1290 sacramenta
1023 1227 1211 1307 iurauimus,
1247 1246 1285 1291 ne
1315 1227 1382 1290 iam

240 1332 331 1413 qnasi
360 1332 504 1395 uiuentes
537 1350 667 1415 agamus
697 1332 728 1395 in
757 1332 815 1394 hoc
844 1330 960 1394 mundo
988 1330 1195 1411 uiuamusque
1224 1331 1288 1394 iem
1315 1348 1381 1394 non

241 1454 297 1501 nos
321 1437 375 1500 sed
399 1435 543 1501 Christus
567 1437 599 1500 in
622 1436 720 1500 nobis.
760 1455 819 1517 quo
848 1436 937 1500 nobis
966 1435 1170 1499 inhonorem
1197 1437 1306 1518 capitis
1330 1454 1382 1498 re·
1412 1465 1439 1502 10

241 1541 350 1604 stituto
381 1542 471 1603 cadet
502 1541 603 1604 zabuli
634 1541 745 1605 domus
775 1545 807 1604 et
839 1544 901 1604 tota
933 1540 1128 1603 inimicorum
1163 1540 1272 1604 cohors
1306 1559 1381 1604 oum

240 1646 360 1726 peccati
388 1646 484 1708 nostri
512 1651 612 1710 morte
640 1646 797 1708 morietur.
836 1644 1039 1725 quamobrem
1068 1662 1129 1708 uon
1155 1645 1254 1709 solum
1278 1649 1382 1708 morte

242 1749 351 1814 Samso
375 1751 523 1813 commori
545 1751 628 1813 disco
648 1749 790 1814 hostibus
811 1751 899 1828 meis,
922 1750 980 1812 hoc
1004 1752 1053 1812 est
1075 1749 1288 1813 mortificando
1312 1767 1382 1812 car-

242 1872 314 1917 nem
346 1872 448 1917 meam
479 1854 571 1917 simul
602 1854 775 1918 interficere
805 1857 978 1936 peccatum,
1008 1858 1044 1916 ut
1073 1855 1238 1935 superstite
1269 1854 1382 1936 spiritu

242 1958 341 2021 uictor
361 1958 469 2021 salutis
493 1959 684 2042 triumphem
708 1962 740 2021 et
764 1959 865 2021 dicam
889 1959 1011 2020 animae
1031 1977 1133 2021 meae:
1159 1963 1380 2025 conuertere
1411 1986 1438 2023 11

241 2063 277 2125 iu
308 2062 473 2142 requiem
501 2066 615 2142 tuam,
650 2063 821 2143 quoniam
853 2062 1021 2125 dominus
1052 2061 1239 2125 benefecit
1273 2062 1379 2137 mibi3

242 2167 295 2230 sed
328 2169 359 2229 et
388 2169 536 2230 caecitate
563 2166 683 2246 Samso,
715 2185 777 2247 qua
806 2167 959 2249 corporeis
986 2171 1108 2229 tantum
1139 2173 1250 2249 captus
1280 2167 1380 2230 oculis

242 2270 395 2353 spiritales
425 2288 487 2334 non
524 2272 641 2351 amisit,
677 2272 846 2335 inluminor
880 2271 918 2334 ad
951 2271 1143 2334 intellectum
1177 2270 1309 2350 bonum,
1344 2277 1382 2335 nt

243 2375 383 2456 exemplo
410 2375 493 2438 illius
521 2376 617 2438 sciam
641 2393 718 2457 quos
746 2377 845 2457 magis
869 2374 1000 2438 debeam
1027 2375 1132 2438 oculos
1155 2374 1280 2439 habere.
1316 2393 1380 2439 non

243 2480 326 2542 enirn
357 2479 534 2543 inuooasset
565 2480 617 2543 ille
647 2480 696 2542 uir
723 2480 882 2543 dominum
911 2480 941 2542 in
971 2498 1045 2543 suae
1072 2479 1197 2543 uirtutis
1221 2479 1380 2559 auxilium,
1410 2507 1438 2545 ao

244 2583 301 2646 nisi
336 2584 449 2647 mentis
483 2585 589 2647 oculos
623 2583 786 2647 habuisset
819 2584 1006 2662 incolumes,
1044 2584 1157 2664 quibus
1190 2584 1297 2647 lumen
1332 2588 1383 2647 est

245 2685 399 2767 Christus,
434 2689 468 2751 in
504 2689 609 2751 cuius
642 2689 782 2752 lumine
817 2687 1026 2752 uidebimus
1060 2689 1194 2752 lumen.
1238 2688 1318 2769 quod
1353 2689 1381 2752 si

244 2809 366 2874 semper
394 2793 481 2856 ardet
507 2793 537 2856 in
565 2794 691 2856 lucerna
720 2793 854 2874 corporis
883 2793 990 2871 nostri,
1020 2795 1095 2855 tuuc
1122 2810 1215 2875 opera
1236 2791 1382 2856 tenebra-

243 2914 313 2959 rum
337 2897 487 2976 occident,
519 2900 555 2960 et
577 2898 750 2980 princeps
773 2897 882 2961 huius
913 2897 1038 2960 mundi
1069 2897 1234 2960 mittitur
1263 2897 1380 2976 foras,

243 3019 305 3064 non
328 3001 434 3082 utique
458 3006 544 3064 extra
567 3002 719 3065 mundum
742 3002 835 3081 hunc,
859 3020 929 3064 cum
950 3019 1020 3082 quo,
1045 3001 1125 3064 sicut
1146 3002 1297 3083 scriptum
1320 3005 1380 3080 est,
1410 3027 1438 3067 11

244 3105 276 3168 in
300 3104 499 3170 damnatione
523 3124 594 3170 curn
616 3106 759 3169 iudicatis
788 3107 883 3169 mixto
909 3105 970 3169 fine
998 3103 1191 3185 uacuabitur,
1219 3106 1273 3169 sed
1296 3106 1381 3170 foras

244 3228 263 3273 a
296 3209 438 3273 cordibus
474 3211 601 3289 uostris,
635 3229 653 3274 a
688 3211 815 3292 quibus,
850 3210 875 3273 si
907 3209 1065 3274 Christum
1099 3209 1295 3293 recipiamus,
1329 3228 1381 3273 ex-

244 3313 379 3397 pellitur.

351 3495 394 3564 10]
414 3495 498 3561 (Rom.
511 3498 535 3558 6,
544 3498 574 3557 4;
587 3495 642 3551 Col.
653 3499 677 3557 2,
689 3499 733 3558 12;
752 3495 779 3549 11
793 3495 886 3558 (1115,
899 3498 942 3557 15;
956 3494 1014 3549 Gal.
1028 3498 1052 3556 2,
1065 3495 1116 3563 20).
1171 3495 1215 3565 15]
1233 3494 1277 3549 Ρ1.
1290 3497 1348 3559 114,
1358 3499 1381 3551 7.

247 3582 290 3650 18]
310 3581 363 3649 (Pe.
380 3584 436 3644 110,
451 3583 502 3650 10).
555 3583 601 3652 22]
620 3583 775 3646 10h18,12;
793 3583 836 3636 Ρ1.
850 3584 891 3644 35,
906 3586 945 3638 10.
999 3582 1044 3651 24]
1064 3581 1120 3636 Ich.
1135 3584 1176 3645 35,
1191 3584 1229 3639 12.

291 3747 405 3802 ldomu
428 3748 459 3815 0,
476 3747 555 3802 domo
574 3755 619 3804 cet.
678 3748 813 3801 hominem
834 3754 954 3801 nostrum
973 3748 1011 3803 Μ
1068 3748 1187 3803 semeis
1204 3747 1232 3800 in
1251 3748 1292 3814 M,
1310 3748 1383 3801 cruci

246 3836 280 3900 L,
299 3834 327 3887 in
345 3834 464 3890 erneiso
517 3836 578 3890 9in
597 3836 624 3887 in
643 3835 692 3887 hoe
711 3835 741 3888 F
801 3838 829 3889 ll
851 3834 933 3888 zaboli
957 3833 1168 3902 (1111111111ι
1227 3836 1258 3891 13
1277 3850 1383 3904 sampso

250 3922 280 3987 0,
298 3937 376 3974 senso
396 3923 428 3988 P,
448 3937 553 3975 samson
572 3923 606 3989 L,
630 3938 724 3975 sanson
744 3923 808 3976 ΡΜ
810 3924 835 3978 U
855 3929 879 3976 et
896 3924 936 3977 sic
953 3923 982 3975 oi
1000 3923 1103 3978 codices
1122 3924 1200 3991 infra
1273 3921 1334 3990 boc]
1354 3921 1382 3975 id

247 4008 331 4064 FPU
404 4012 436 4063 16
455 4009 516 4076 quis
534 4009 618 4065 FPU
683 4009 808 4062 beneficit
825 4011 852 4063 L
917 4008 965 4061 tibi
984 4009 1049 4063 Lm
1111 4011 1141 4063 l‘l
1160 4012 1266 4062 tantum
1285 4010 1387 4064 ontM

247 4097 280 4149 20
299 4098 418 4147 uocasset
437 4097 473 4149 M
521 4098 553 4150 21
573 4095 662 4149 oculos
681 4096 777 4148 mentis
796 4096 881 4151 FPU
930 4094 1118 4149 incolomesO
1175 4098 1210 4150 24
1227 4093 1384 4149 oocidunto

247 4180 445 4236 mitteturLM
503 4185 536 4237 25
555 4184 723 4237 111111-126
741 4181 900 4235 uacrrabitur
917 4183 1019 4237 om.M
1084 4181 1155 4234 sicus
1177 4183 1204 4237 U
1269 4182 1303 4235 26
1321 4197 1383 4233 curn

247 4267 371 4321 iudicetis
388 4270 422 4335 L,
441 4268 634 4322 cumiudicetus
656 4270 686 4336 0,
705 4269 887 4322 coniudicatus
905 4276 951 4324 cet.
