3036 4770
490 311 960 382 smmmemmma
1258 295 1296 358 ss

161 487 268 550 dueret
279 487 427 568 salutare,
440 491 475 551 ut
486 489 560 553 dum
574 506 663 553 numo
675 489 708 552 in
720 488 845 552 ederem
857 491 1088 571 unguentorum
1101 491 1178 568 eius,
1191 489 1298 552 fierem

160 593 252 674 gutta
279 592 344 655 eius
371 591 540 676 unguenti,
570 592 666 675 qued
695 592 890 656 deseendit
919 592 955 656 in
984 591 1136 657 barbam
1165 592 1297 656 Aaron.

161 695 193 759 in
216 695 303 759 ouius
326 696 418 760 domo
441 696 630 761 domesticus
654 696 721 761 lieri
745 701 777 761 et
798 696 1019 761 benedicere
1047 697 1234 761 deminum
1258 696 1300 759 de

162 799 329 864 fontibus
370 800 490 865 Israel
524 819 596 865 eum
629 819 684 883 pre
719 801 902 865 meritorum
936 819 1077 865 meorum
1111 801 1302 865 mnsaientia

121 928 135 968 5
161 921 339 969 recusarem
365 905 418 970 uel
443 906 547 987 potius
574 923 636 970 nen
660 906 807 971 auderem
828 906 975 990 recipere,
1007 923 1073 989 ego
1099 904 1238 969 uermis
1266 907 1302 967 et

163 1027 233 1073 non
255 1009 360 1074 home
382 1010 416 1074 ui
438 1009 543 1074 subita
563 1011 693 1092 inuitus,
716 1010 798 1092 qued
820 1011 929 1091 fateor,
954 1010 1121 1075 adstrictus
1145 1013 1177 1073 et
1196 1009 1302 1073 multi-

163 1114 270 1177 tudine
290 1115 507 1197 strangulante
527 1116 707 1198 conpulsus,
730 1116 875 1198 quamuis
891 1134 1037 1199 euperem
1052 1115 1182 1178 calicem
1197 1114 1301 1196 ipsum

164 1236 183 1281 a
211 1237 262 1281 me
291 1219 434 1299 transire,
464 1223 570 1283 tamen
598 1237 726 1284 neeesse
752 1219 850 1284 habui
876 1220 978 1284 disere
1006 1219 1145 1283 demine:
1174 1236 1303 1281 uerum

165 1340 234 1386 nen
265 1341 344 1386 mea
373 1323 551 1387 uoluntas
585 1324 649 1388 sed
679 1328 743 1389 tua
775 1325 859 1404 liat,
890 1342 961 1388 num
988 1323 1174 1406 praesertim
1199 1324 1302 1405 ipsum

114 1450 141 1489 re
166 1426 203 1488 de
226 1445 260 1490 se
283 1426 444 1490 dominum
467 1427 578 1492 dixisse
601 1428 753 1512 legerem:
783 1428 889 1492 iilius
916 1428 1078 1492 heminis
1106 1445 1176 1491 non
1199 1426 1304 1490 uenit

166 1531 378 1595 ministrari
409 1531 472 1595 sed
502 1533 728 1597 ministrare.
770 1533 932 1616 praeuenti
958 1533 1053 1616 igitur
1080 1550 1098 1596 a
1124 1531 1306 1597 deminuet

167 1635 352 1717 adprehensi
378 1635 417 1699 ab
445 1653 495 1716 en,
526 1655 617 1717 quem
644 1637 778 1700 necdum
805 1637 1081 1720 adprehendimus,
1109 1635 1304 1699 desemimus

167 1739 276 1803 altario
309 1739 359 1803 dei
397 1743 428 1804 et
463 1742 580 1805 mensis
614 1740 803 1806 salutaribus
838 1742 1053 1805 ministramus
1086 1739 1148 1804 iam
1180 1739 1304 1802 nemine

167 1842 330 1925 affiniaque
360 1844 512 1925 sambrae,
545 1863 640 1910 sensu
672 1849 778 1910 autem
808 1845 909 1909 adhue
938 1844 1062 1928 paruuli
1101 1849 1133 1907 et
1162 1860 1305 1906 sermone

116 1970 142 2010 rs
167 1947 330 2013 laetantes.

211 2051 241 2115 3.
266 2051 355 2132 Quod
382 2054 589 2118 ministerium
616 2058 653 2118 ut
678 2053 759 2119 bene
782 2055 959 2120 ministrem
981 2057 1013 2118 et
1034 2053 1166 2138 gradum
1190 2051 1306 2116 benum

169 2155 245 2220 mihi
268 2157 430 2239 adquiram
453 2162 484 2222 et
506 2160 603 2223 seiam
626 2160 759 2242 qualiter
781 2163 922 2242 operteat
944 2178 995 2222 me
1015 2159 1046 2223 in
1063 2159 1154 2222 deme
1171 2157 1219 2220 dei
1234 2174 1307 2220 enn-

169 2263 288 2327 uersari
315 2265 347 2326 et
372 2266 505 2327 tractare
533 2265 716 2346 mysterium
744 2264 880 2346 pietatis,
907 2268 942 2327 tu
969 2263 1092 2328 demine
1120 2260 1307 2325 uenerabilis

170 2369 203 2430 et
232 2366 328 2431 irater
358 2371 391 2432 et
420 2367 545 2433 demine
575 2369 608 2432 in
631 2367 755 2433 Christe
778 2368 878 2448 nobis,
909 2386 963 2432 ora
984 2367 1145 2432 dominum
1168 2364 1308 2430 inomni

117 2492 145 2533 aa
170 2469 252 2535 beno
267 2472 407 2552 diuitem,
429 2476 467 2536 ut
489 2472 718 2537 abundemus
740 2472 816 2537 fide
840 2476 876 2536 et
898 2489 1067 2536 sermone
1090 2476 1127 2534 et
1149 2469 1309 2535 seientia

171 2579 208 2639 et
230 2576 327 2640 omni
349 2576 606 2642 sollieitudine
629 2581 666 2641 et
687 2577 839 2660 insuper
862 2579 988 2641 uestra
1006 2577 1043 2640 in
1059 2592 1124 2640 nos
1141 2575 1308 2652 caritate,

171 2683 211 2744 ut
234 2682 327 2745 etin
350 2682 417 2746 han
439 2683 562 2765 gratia
584 2671 793 2746 abundetis.
817 2684 979 2764 praeterea
1000 2680 1066 2762 ipse
1089 2679 1228 2765 epistolis
1246 2677 1308 2741 tuis

172 2802 228 2849 nes
256 2803 348 2869 saepe
376 2785 496 2850 instrue
523 2786 707 2851 necessariis
737 2785 978 2868 supplementis3
1010 2783 1197 2848 enutritus
1225 2782 1309 2845 enim

172 2889 408 2954 sermonibus
431 2889 521 2954 fidei
549 2894 586 2954 et
610 2890 728 2955 bonae
756 2890 960 2969 doetrinae,
988 2906 1096 2970 quam
1118 2906 1137 2950 a
1158 2904 1254 2969 puero
1277 2886 1308 2949 in

119 3019 146 3058 a
172 2995 268 3058 sacris
289 2994 403 3059 litteris
426 2993 650 3060 subsecutus
674 3013 726 3075 es,
750 2994 963 3058 informares
986 2993 1025 3057 ad
1048 2992 1190 3075 regulam
1213 2989 1311 3054 dirae

172 3099 276 3181 tionis,
302 3117 395 3182 passe
424 3118 482 3165 nos
505 3100 635 3184 spiritali
656 3098 725 3164 eibn
748 3099 778 3163 id
801 3103 850 3163 est
871 3097 967 3163 uerbo
991 3096 1049 3177 dei,
1072 3096 1125 3178 qui
1148 3099 1195 3160 est
1217 3113 1310 3159 uerus

278 3342 486 3413 mmmm
569 3342 760 3412 amma
842 3338 1060 3410 fflmam
1159 3336 1310 3401 emma

174 3426 1084 3500 ammasfflmmmmmmmmmm
1152 3422 1310 3495 mmm

174 3521 267 3580 mm
323 3512 1107 3588 mmmmpmummmnffiam
1167 3511 1311 3579 mmm

178 3599 1153 3674 mm.mnmaamssffiaemwmaa

281 3832 425 3889 lsalutari
438 3833 503 3887 Lm
552 3831 781 3900 ungentorumM
793 3835 825 3884 aa
842 3830 907 3884 solet
959 3829 1054 3882 aaron
1071 3827 1098 3881 U
1145 3821 1315 3879 disdraell}

177 3922 193 3974 6
219 3919 317 3990 fateor]
344 3923 372 3974 et
397 3920 462 3975 add.
484 3921 522 3974 M
587 3919 732 3972 adstrietus
763 3917 794 3986 Ο,
821 3915 947 3969 astrictus
974 3920 1021 3969 cet.
1100 3915 1116 3967 7
1143 3909 1261 3979 cupienti
1288 3909 1318 3963 F

177 4007 309 4077 dipsium
332 4009 360 4064 U
426 4011 458 4063 10
477 4005 585 4060 domino
603 4006 689 4061 FPU
756 4007 788 4060 13
807 4002 885 4056 altari
904 4002 989 4056 FPU
1055 3997 1268 4053 ministrauimus
1292 3995 1318 4049 ll

179 4097 212 4150 14
229 4095 297 4149 adue
315 4095 349 4164 P,
367 4112 418 4151 nm.
432 4095 469 4149 M
537 4096 568 4150 15
586 4093 715 4146 lactentes
733 4092 802 4154 LM,
822 4090 999 4143 laetantentes
1021 4089 1048 4142 U
1110 4089 1141 4142 17
1161 4083 1264 4137 domini
1282 4083 1319 4137 M

180 4185 212 4238 18
230 4181 337 4236 domiue
354 4183 497 4237 delendum
509 4199 576 4238 cens.
591 4181 684 4235 Saeclr.
741 4181 772 4234 19
791 4180 818 4230 el
830 4177 937 4229 domine
950 4193 1000 4230 om.
1014 4176 1079 4229 LM
1086 4180 1154 4230 reete
1165 4179 1195 4226 ut
1206 4171 1317 4225 uidetur

178 4273 212 4325 20
229 4271 278 4324 alt.
296 4274 323 4323 et
340 4288 391 4325 om.
405 4271 441 4324 M
490 4270 525 4323 23
542 4267 676 4321 enutritus
699 4266 745 4332 On,
764 4264 882 4318 nutritus
899 4269 945 4318 eet.
999 4264 1033 4317 25
1051 4261 1193 4315 obsecutus
1212 4260 1242 4313 F
