3036 4770
245 299 306 362 144
575 316 600 370 S.
613 317 745 370 Paulini
764 316 884 371 Nolani
902 316 1048 386 episcopi

242 495 305 575 qui
327 494 363 557 in
387 497 513 576 aperto
529 492 688 556 Iudaeus
712 511 830 574 neque
851 510 942 575 quae
966 494 1001 556 in
1022 510 1131 556 earne
1152 496 1208 556 est
1228 493 1386 556 circum-

243 598 347 672 cisio;
379 598 442 661 sed
465 599 585 679 quiin
609 598 754 662 occulto
778 597 952 677 Iudaeus,
982 598 1046 679 qui
1069 597 1204 680 spiritu
1229 615 1298 661 non
1321 596 1385 661 lit-

243 706 322 766 tera
345 702 603 782 circumcisus,
627 703 732 765 euius
755 702 876 786 gloria
898 721 969 766 non
993 721 1033 765 er
1056 700 1286 783 hominibus,
1318 702 1385 766 sed

243 826 283 871 en
306 807 380 870 deo.
419 807 524 888 itaque
547 807 607 871 hac
630 807 738 870 eadem
761 808 841 890 lege,
871 825 933 888 qua
959 807 1061 871 uerior
1085 807 1278 870 circumcisio
1301 824 1384 888 quae

241 911 273 974 in
303 911 394 974 corde
421 928 517 992 quam
544 928 624 992 quae
654 911 686 974 in
717 928 810 974 carno
841 911 976 974 concisio
1003 914 1036 974 et
1061 912 1238 994 praesentia
1264 909 1384 976 firmior
1425 943 1440 982 ⁵

243 1034 321 1097 qnae
355 1015 466 1098 spiritu
497 1033 591 1096 quam
622 1033 700 1096 quae
734 1033 861 1097 corpore
895 1015 1033 1098 iungitur
1067 1018 1099 1078 et
1132 1015 1277 1079 cohaeret
1309 1014 1384 1096 sibi,

242 1138 364 1203 semper
387 1123 492 1184 tecum
515 1138 624 1183 sumus
647 1124 743 1201 tuque
767 1120 939 1184 nobiscum.
964 1138 1037 1184 nam
1062 1120 1120 1183 etsi
1139 1120 1218 1183 facie
1242 1119 1281 1183 ad
1301 1123 1383 1183 tem-

241 1243 299 1307 pus
323 1224 540 1304 discernimur,
564 1243 687 1307 semper
707 1229 814 1288 tamen
837 1225 928 1289 corde
952 1225 1087 1288 conserti
1110 1243 1274 1288 manemus
1297 1225 1331 1288 in
1351 1227 1383 1289 tc

241 1328 378 1394 uicissim
402 1332 432 1392 te
455 1328 617 1393 habitante
645 1330 678 1394 in
705 1329 877 1394 uisceribus
901 1329 1015 1393 nostris
1039 1333 1070 1393 et
1094 1329 1132 1392 ad
1155 1329 1384 1393 conmorien-

242 1434 325 1497 dum
355 1436 390 1497 et
416 1432 460 1495 ad
484 1434 768 1497 conuiuendum.
809 1453 893 1514 sane,
921 1434 994 1515 quia
1017 1433 1056 1496 ad
1079 1433 1218 1498 caritatis
1241 1433 1383 1497 eiusdem
1412 1468 1439 1504 ιο

241 1556 349 1602 curam
369 1541 400 1600 et
419 1538 662 1602 consolationem
682 1539 826 1620 pertinet,
848 1542 883 1602 ut
903 1541 1029 1601 actuum
1048 1541 1225 1602 nostrorum
1245 1537 1384 1601 inuicem

241 1644 356 1708 conscii
380 1642 560 1722 efficiamur,
584 1661 643 1725 quo
665 1642 858 1707 tolerabilius
879 1644 916 1706 de
940 1642 1029 1706 nobis
1054 1641 1236 1706 absentibus
1259 1645 1385 1706 aestue-

243 1767 323 1827 mus,
354 1748 381 1812 si
411 1766 473 1812 non
504 1748 603 1811 simus
634 1749 756 1827 incerti,
788 1747 961 1811 indicamus
990 1746 1147 1811 affectioni
1174 1750 1256 1827 tuae,
1287 1765 1385 1829 quam

241 1853 357 1916 seimus
393 1853 431 1917 de
469 1852 554 1917 omni
594 1855 664 1916 actu
701 1857 808 1916 nostro
842 1852 1098 1915 sollicitissimam
1133 1870 1216 1931 esee,
1251 1852 1385 1935 propitio

242 1957 380 2038 Christo,
413 1958 458 2022 ita
487 1962 522 2021 ut
552 1975 637 2038 oras,
672 1957 777 2021 ualere
807 1975 879 2037 nos,
914 1974 975 2021 non
1006 1956 1134 2037 quidem
1167 1955 1295 2020 robusta
1326 1958 1383 2022 sed
1414 1990 1439 2029 rs

240 2067 345 2126 tamen
369 2080 447 2126 sana
470 2080 633 2145 corporum
665 2062 846 2145 fragilitate,
877 2080 1029 2144 pauperes
1057 2060 1253 2144 spiritunon
1276 2066 1384 2127 nostro

241 2167 294 2230 sed
318 2167 377 2246 dei,
401 2168 488 2231 cuius
511 2165 652 2231 bonitate
676 2185 815 2249 egemus,
839 2167 958 2230 nralitia
981 2169 1088 2229 nostra
1110 2164 1315 2230 abundantes.

283 2270 312 2334 2.
338 2272 384 2334 De
408 2289 467 2352 quo
491 2275 597 2334 autem
618 2269 788 2335 Cardamas
813 2274 917 2335 noster
941 2270 1103 2334 admonuit
1124 2270 1252 2334 iussisse
1273 2272 1304 2334 te
1328 2271 1385 2335 ad-

241 2396 358 2455 serens,
388 2379 424 2439 ut
447 2376 542 2438 otiam
565 2375 639 2438 hinc
662 2393 739 2456 quae
764 2376 845 2439 eirca
873 2394 928 2438 nos
955 2379 1029 2439 sunt
1052 2376 1085 2439 in
1107 2375 1233 2439 domino
1256 2358 1384 2440 nuntia-

240 2499 355 2559 remus,
380 2480 457 2543 sciat
479 2480 638 2544 ueneratio
659 2483 714 2543 tua
736 2485 880 2543 sanctum
900 2480 1031 2543 fratrem
1051 2483 1140 2543 tuum
1160 2496 1274 2561 papam
1294 2479 1383 2544 urbis
1412 2511 1439 2551 ω

240 2584 443 2649 Anastasium
472 2583 725 2647 amantissimum
754 2602 822 2647 esse
850 2584 1033 2647 humilitatis
1061 2587 1199 2656 nostram
1227 2601 1301 2647 nam
1328 2583 1385 2649 ubi

240 2690 375 2772 primum
397 2692 586 2771 potestatem
609 2689 747 2752 caritatis
771 2707 845 2751 suae
869 2688 957 2752 nobis
981 2687 1155 2752 offerendae
1175 2687 1289 2752 habere
1312 2707 1384 2753 coe-

239 2794 295 2876 pit,
319 2813 381 2858 non
405 2794 506 2857 solum
530 2793 685 2875 suscipere
709 2811 777 2856 earu
802 2793 939 2873 auchie,
963 2793 1018 2856 scd
1037 2794 1177 2876 ingerere
1198 2792 1287 2857 nobis
1306 2793 1384 2877 piis-

241 2898 321 2961 sima
343 2896 505 2961 affectione
528 2897 714 2979 properauit.
743 2915 815 2961 nam
840 2897 926 2961 breui
949 2901 1020 2980 post
1042 2897 1267 2961 ordinationem
1290 2916 1383 2962 suam

241 3002 386 3084 epistolas
410 3003 447 3065 de
476 3002 601 3065 nomine
628 3006 734 3065 nostro
761 3002 870 3085 plenas
898 3006 930 3065 et
957 3002 1115 3084 religionis
1143 3006 1175 3065 et
1196 3001 1321 3083 pietatis
1350 3007 1384 3067 et
1411 3034 1438 3073 2⁵

240 3106 326 3189 pacis
355 3106 392 3168 ad
416 3106 576 3189 episcopos
601 3105 791 3188 Caurpaniae
815 3107 910 3186 misit,
934 3106 1046 3187 quibus
1074 3109 1105 3170 et
1124 3111 1219 3170 'suum
1242 3106 1382 3171 declara-

240 3216 288 3274 ret
318 3209 465 3273 affectum
496 3215 528 3274 et
559 3210 626 3274 aliis
656 3209 858 3293 benignitatis
893 3229 968 3274 suae
997 3210 1162 3291 praeberet
1192 3211 1380 3294 exemplum.

241 3314 351 3378 deinde
375 3332 431 3378 nos
454 3316 537 3397 ipsos
554 3315 682 3395 Romae,
707 3334 779 3378 eum
802 3315 945 3379 sollemni
968 3315 1192 3389 consuetudine
1214 3316 1253 3378 ad
1272 3315 1382 3381 beato-

344 3494 371 3563 9]
391 3493 419 3547 II
438 3493 496 3549 Cor.
512 3497 535 3558 7,
548 3497 572 3550 3.
628 3495 672 3563 lo]
692 3495 798 3562 (matth.
812 3499 835 3559 5,
849 3497 883 3564 3).

286 3663 298 3714 l
317 3667 378 3730 post
396 3660 495 3713 iudeus
512 3661 563 3714 ias.
578 3660 653 3714 LM:
670 3658 715 3713 sed
735 3660 780 3728 qui
799 3660 896 3729 spiritu
914 3676 968 3713 non
986 3660 1065 3714 litera
1077 3660 1178 3728 (littera
1190 3660 1238 3730 Μ)
1291 3677 1340 3714 nec
1353 3663 1385 3716 F

239 3751 255 3802 l
275 3749 323 3800 deo
346 3748 376 3816 0,
395 3746 444 3800 deo
462 3749 502 3800 est
521 3754 567 3802 cct-
638 3747 702 3801 haec
726 3747 763 3803 0¹
829 3752 844 3803 5
864 3765 944 3816 quem
963 3764 1030 3816 quae
1049 3749 1104 3817 Lo,
1123 3764 1202 3816 quam
1221 3763 1271 3816 que
1289 3749 1379 3812 FPU,

239 3850 345 3902 quamq.
362 3834 392 3901 0,
411 3849 490 3901 quam
509 3834 620 3889 Labros
699 3837 726 3887 et
743 3853 793 3891 ons.
808 3836 835 3890 P
910 3835 1037 3903 concisio]
1061 3834 1225 3889 circumcisio
1244 3836 1312 3902 ΕΜ,
1335 3837 1379 3888 οδ-

239 3922 353 3976 sertioo
415 3924 552 3991 isemper
570 3939 620 3977 ooo.
640 3923 678 3976 M
735 3923 818 3976 simus
841 3921 880 3979 U¹
942 3923 1165 3979 SconsertimO
1228 3925 1260 3979 lo
1278 3922 1334 3976 eius
1353 3923 1383 3977 F

242 4010 274 4063 12
292 4007 438 4061 efficiemus
457 4009 488 4062 F
548 4011 579 4065 18
598 4008 738 4062 cardamus
761 4008 800 4063 0¹
868 4013 899 4065 lo
917 4009 981 4063 hino
1002 4010 1052 4077 Oc,
1070 4009 1134 4063 hinc
1152 4008 1317 4078 temporibus
1335 4009 1380 4075 (de

240 4094 358 4147 moribus
381 4096 428 4162 Μ)
451 4096 535 4149 sancti
559 4095 693 4150 Anastasii
721 4112 805 4165 papae
832 4096 914 4150 fuisso
937 4103 983 4153 oct.
1054 4100 1088 4153 20
1110 4095 1184 4150 urbis
1207 4112 1297 4150 romae
1318 4097 1383 4152 ΕΜ

239 4183 271 4235 21
292 4182 455 4235 anastasium
467 4200 488 4237 e.
501 4184 574 4251 tM,
593 4183 755 4238 anastasiam
778 4182 815 4239 0¹
867 4186 900 4238 22
919 4184 1045 4252 primoL
1098 4187 1131 4239 24
1150 4183 1329 4237 ordinationet
1345 4184 1378 4239 0¹

239 4269 272 4321 27
291 4266 499 4336 benenignitetis
516 4269 543 4322 L
