3036 4770
562 281 704 350 epistula
721 282 861 345 xxxma
881 300 902 337 c.
916 288 1009 340 8-10.
1293 271 1357 334 311

219 458 363 522 creatoris
397 459 567 540 exequitur.
614 459 732 522 multae
761 462 923 540 praeterea
957 461 1045 524 nobis
1078 461 1111 526 in
1143 461 1202 527 hoo
1236 464 1361 528 saeculo

218 577 335 640 cruces,
366 561 531 626 innumera
554 562 743 643 discrimina,
775 562 955 628 morborum
977 563 1076 644 labes,
1107 565 1243 630 febrium
1271 567 1361 650 ignes

218 668 250 729 et
277 665 416 730 dolorum
442 667 506 731 tela
532 671 716 751 grassantur
743 667 776 731 in
803 668 936 749 animas,
966 669 1174 752 cupiditatum
1200 671 1284 736 faces
1309 690 1361 736 ac-

218 769 402 852 cenduntur,
433 771 548 854 ubique
570 773 724 856 praetenti
747 773 848 837 latent
870 772 983 856 laquei,
1007 774 1143 856 undique
1167 776 1267 840 stricti
1289 776 1360 841 hor-

177 900 191 939 e
218 878 290 938 rent
319 874 422 957 gladii,
455 876 536 940 inter
565 876 693 940 insidias
725 879 757 940 et
782 894 904 960 pugnas
934 877 1001 942 uita
1030 878 1215 962 transigitur
1244 883 1276 944 et
1305 899 1360 963 per

218 978 307 1062 ignes
331 979 436 1044 doloso
459 980 555 1045 cineri
578 980 758 1064 subpositos
782 980 992 1046 ambulamus,

264 1081 314 1147 10.
344 1083 444 1167 Igitur
476 1085 660 1167 priusquam
693 1085 727 1148 in
761 1085 899 1166 aliquam
934 1088 1094 1151 tantarum
1128 1087 1359 1172 aegritudinum

217 1187 322 1252 labem
342 1206 415 1252 casu
439 1190 489 1253 uel
512 1189 623 1253 merito
644 1192 732 1253 actus
753 1189 904 1270 incurras,
920 1188 1035 1254 festina
1054 1190 1174 1255 medico
1196 1195 1360 1275 susceptus

218 1295 250 1355 et
273 1309 362 1354 carus
386 1291 463 1372 lieri,
492 1296 527 1356 ut
553 1293 585 1357 in
609 1296 750 1374 tempore
778 1293 975 1358 necessitatis
997 1298 1142 1377 paratum
1166 1294 1284 1360 habeas
1310 1314 1359 1360 re·

164 1421 190 1460 ro
218 1394 355 1459 medium
387 1396 506 1460 salutis.
545 1397 630 1461 aliud
660 1400 717 1478 est,
749 1397 872 1479 quando
902 1402 936 1462 tu
964 1398 1048 1461 solus
1076 1416 1145 1463 oras
1172 1417 1228 1482 pro
1255 1403 1297 1481 te,
1329 1406 1361 1465 et

216 1500 309 1580 aliud,
333 1500 456 1583 qnando
480 1501 646 1566 multitudo
668 1519 723 1584 pro
747 1505 779 1565 te
802 1502 884 1584 apud
907 1501 1000 1565 deum
1023 1503 1167 1585 trepidat.
1204 1507 1239 1568 tu
1261 1503 1358 1585 taces,

217 1608 247 1668 et
277 1623 349 1669 cum
376 1608 472 1685 taces,
502 1605 547 1669 illi
574 1623 630 1688 pro
657 1611 688 1670 te
716 1607 862 1670 clamant.
901 1611 933 1670 et
960 1606 1070 1671 uident
1096 1611 1127 1670 te
1153 1611 1184 1673 et
1207 1607 1358 1673 adrident.

215 1709 380 1773 inueniunt
401 1712 432 1772 te
456 1713 488 1773 et
510 1710 697 1790 adsalutant,
729 1715 761 1774 et
785 1711 933 1793 egestatis
958 1713 990 1774 et
1013 1710 1182 1776 debilitatis
1206 1712 1359 1779 inmemo-

215 1832 266 1878 res
286 1831 414 1895 oorpcra
428 1815 567 1896 ipsorum
584 1819 638 1878 tua
654 1815 790 1879 sanitate
804 1819 1001 1898 uegetantur,
1023 1816 1145 1880 animae
1162 1821 1215 1882 tuo
1231 1821 1359 1901 aspectu

165 1942 190 1981 ιι
217 1918 391 2001 uigeseunt.
430 1923 464 1982 tu
487 1918 601 2001 quippe
629 1937 703 2002 ager
729 1919 790 1982 illis
815 1919 937 1999 fertilis,
968 1923 1002 1984 tu
1025 1920 1140 1984 fundus
1164 1940 1197 1984 es
1221 1922 1360 1986 fructuo-

218 2041 285 2097 sus;
310 2025 341 2086 et
362 2022 408 2086 illi
430 2022 570 2087 uicissim
594 2022 650 2087 tibi
673 2024 809 2106 locuples
834 2027 866 2087 et
888 2024 1025 2106 pretiosa
1040 2025 1198 2106 possessio
1221 2028 1303 2089 sunt.
1327 2028 1359 2091 to

216 2127 288 2191 filiis
311 2127 376 2191 suis
398 2128 580 2210 praeferunt
610 2132 641 2191 et
663 2146 718 2211 pro
743 2132 773 2191 te
795 2127 881 2210 prius
905 2146 999 2209 quam
1023 2128 1061 2193 de
1086 2147 1119 2192 se
1141 2129 1274 2211 quisque
1298 2130 1360 2194 sol·

216 2231 329 2311 licitus,
360 2235 415 2296 aut
441 2250 512 2295 cum
541 2249 597 2296 sua
624 2236 772 2296 autento
796 2250 887 2296 suam
910 2233 1045 2297 salutem
1069 2237 1256 2297 orattnam.
1296 2252 1359 2299 non

218 2336 265 2400 sui
292 2337 505 2419 neglegentes,
536 2337 591 2400 sed
617 2354 722 2400 amore
746 2337 897 2400 translato
924 2337 955 2400 in
985 2340 1017 2400 te
1040 2337 1170 2418 quisque
1198 2356 1231 2401 se
1255 2337 1359 2421 diligit

162 2465 190 2504 ro
218 2447 249 2505 et
275 2443 363 2505 tuam
394 2441 494 2505 uitam
525 2459 600 2504 suae
630 2442 713 2505 uitae
741 2445 895 2524 precatur,
926 2441 1000 2523 quia
1027 2441 1148 2506 fructus
1179 2442 1263 2506 illius
1294 2444 1359 2506 uita

217 2547 271 2609 tua
298 2547 347 2608 est
374 2549 405 2609 et
428 2545 555 2609 diuitiae
578 2549 650 2609 tuae
677 2546 761 2609 illins
789 2564 874 2628 opes
904 2546 1097 2630 paupertatis
1121 2546 1248 2611 diuitiae
1273 2550 1356 2611 sunt.

216 2649 247 2713 in
277 2649 423 2714 omnibus
454 2649 592 2714 ecclesiis
622 2667 678 2733 pro
709 2654 740 2714 te
770 2654 893 2734 rogant,
924 2650 956 2714 in
988 2649 1133 2715 omnibus
1160 2651 1273 2734 plateis
1300 2650 1358 2715 tibi

215 2754 422 2836 gratulantur,
456 2758 487 2818 et
509 2755 541 2818 in
563 2754 640 2818 locis
663 2754 794 2838 singulis
819 2754 858 2818 ad
880 2755 1209 2820 commemorationem
1233 2755 1279 2819 tui
1301 2773 1357 2821 no-

216 2857 309 2922 minis
332 2858 493 2941 eriguntur
515 2858 731 2922 benedicentes
756 2859 917 2923 dominum
942 2862 973 2923 et
996 2859 1160 2923 absentem
1184 2863 1214 2923 te
1235 2859 1267 2923 in
1291 2858 1357 2924 suis

161 2988 188 3027 rs
215 2961 361 3026 manibus
390 2962 616 3026 exosculantur.
649 2982 772 3047 semper
794 2968 825 3027 te
853 2963 960 3027 uident
987 2966 1018 3027 et
1044 2981 1216 3044 numquam
1240 2967 1271 3027 te
1294 2980 1357 3027 non

215 3066 331 3148 uident,
356 3067 427 3149 quia
449 3067 554 3131 animo
577 3068 825 3150 conplectuntm,
852 3087 912 3149 qno
936 3067 1093 3133 cernimus
1116 3067 1274 3132 absentes.
1309 3068 1356 3133 in-

317 3264 346 3333 9]
365 3264 455 3331 (Eccli.
469 3267 511 3332 38,
526 3266 558 3333 1).

258 3449 417 3505 lcreatoris
435 3466 468 3504 erc
486 3447 626 3502 saluatoris
646 3450 673 3503 P
732 3451 921 3503 3orassantur
938 3450 965 3504 L
1018 3446 1212 3505 accenduntO
1273 3448 1355 3504 bdo-

213 3536 268 3590 losa
286 3536 382 3590 cineris
401 3535 583 3604 subpositoO
644 3534 812 3590 ambulemus
835 3537 861 3591 U
864 3535 873 3566 ¹
936 3535 1061 3603 leliqua
1078 3536 1108 3590 F
1169 3534 1259 3604 Suel]
1278 3535 1356 3590 ueO

215 3627 245 3680 11
266 3623 335 3693 apud
355 3623 434 3678 deum
453 3639 500 3692 pro
519 3626 544 3675 te
563 3624 648 3680 FPU
711 3625 743 3678 12
762 3639 822 3676 cnm
841 3627 913 3676 taces
931 3624 1021 3679 om.L
1086 3621 1131 3675 ille
1150 3623 1234 3678 FPU
1301 3621 1354 3675 cla·

214 3714 270 3764 mat
288 3711 346 3767 PU
411 3711 459 3764 ull.
479 3712 506 3762 et
524 3728 575 3766 om.
594 3711 620 3764 L
685 3711 716 3765 13
735 3709 854 3762 salutant
872 3710 899 3764 L
963 3710 995 3764 14
1013 3712 1155 3762 uastantur
1173 3709 1209 3778 F,
1226 3711 1354 3762 natantur

217 3799 249 3865 U,
267 3799 406 3851 uettantur
420 3798 447 3850 P
500 3799 531 3851 15
550 3795 596 3849 illo
610 3797 644 3864 F,
663 3795 707 3849 ille
720 3797 777 3853 PU
828 3799 860 3851 16
878 3795 997 3864 locuplex
1010 3796 1094 3852 FPU
1144 3798 1207 3848 suut
1224 3793 1353 3863 possessio

213 3884 297 3940 FPU
361 3886 391 3938 17
411 3882 503 3952 quam]
523 3882 638 3951 quadam
657 3883 742 3938 FPU
805 3884 837 3938 18
851 3901 895 3951 pr.
916 3882 974 3950 aut]
993 3885 1020 3935 et
1037 3882 1068 3937 F
1131 3884 1190 3935 orat
1208 3883 1283 3934 tuam
1301 3899 1352 3936 om.

213 3971 297 4028 FPU
364 3973 399 4026 20
422 3986 485 4023 suae
508 3969 591 4038 uitae]
616 3987 663 4022 sua
685 3969 787 4023 uirtute
809 3970 835 4023 L
906 3968 1010 4022 fructus
1037 3968 1067 4037 0,
1095 3971 1155 4021 tuus
1179 3967 1283 4021 fructus
1306 3974 1352 4022 cet.

213 4058 270 4111 nita
287 4060 334 4111 tua
355 4058 386 4123 0,
405 4056 462 4111 uita
480 4063 526 4113 cet.
591 4059 623 4112 21
644 4072 705 4126 opes
724 4062 784 4112 eto
854 4055 1019 4125 paupertatis
1040 4057 1071 4121 0,
1089 4057 1245 4124 paupertate
1264 4054 1354 4122 FPU,

212 4144 364 4215 paupertati
381 4146 417 4213 1,
435 4146 606 4214 paupertates
626 4148 686 4198 tuae
705 4143 811 4198 illiusc
873 4141 983 4195 diuitiae
1000 4160 1024 4210 c,
1044 4141 1141 4195 diuites
1160 4160 1181 4192 ω
1238 4142 1272 4197 22
1291 4139 1354 4210 tibi]

211 4247 259 4301 pro
281 4236 308 4286 te
330 4232 357 4285 L
428 4232 461 4287 25
480 4230 636 4285 osculantur
656 4231 717 4298 FO,
745 4228 1002 4286 exobsculanturU
1069 4227 1225 4283 ct—uident
1251 4246 1302 4284 cm.
1331 4229 1358 4284 U
1407 4302 1411 4306 Ι
