3036 4770
547 119 694 190 epistula
710 120 812 185 xxm,
830 137 851 175 o.
864 123 975 176 22-24.
1272 103 1331 168 181

198 296 259 360 nbi
280 314 368 360 uero
391 296 548 378 spiritns
564 296 717 375 domini,
740 290 792 359 ibi
812 296 981 360 libertas,
1006 301 1038 361 et
1051 296 1120 362 iden
1134 299 1210 361 tunc
1226 298 1337 361 honori

197 401 291 464 fuerit
313 399 481 483 capillatio,
505 418 576 463 cnm
599 400 700 463 adhuc
721 400 798 464 illud
821 400 961 482 spiritale
983 401 1128 465 uelamen
1143 401 1223 484 legis
1239 401 1335 465 etiam

197 505 345 587 corporali
369 503 478 567 habitu
501 504 650 584 praeferri
673 503 847 586 oport-ebat:
872 522 953 567 nnnc
976 505 1038 568 iam
1061 505 1148 568 oneri
1168 509 1226 584 est,
1248 509 1335 586 post-

195 626 289 689 quam
318 608 365 672 sol
393 610 537 671 aeternae
563 607 717 672 libertatis
748 608 860 671 inluxit
882 612 913 671 et
935 612 1029 690 capnt
1050 608 1139 672 nobis
1162 610 1263 672 factus
1287 612 1335 673 est

156 739 169 778 s
196 711 349 792 Christus,
376 712 429 792 qni
456 730 512 776 nos
540 715 576 774 ut
602 712 674 795 ingo
700 712 746 775 ita
772 715 804 776 et
830 730 922 775 onere
950 713 1089 794 capitum
1116 713 1334 794 depressorum

194 817 322 880 leuaret.
357 820 520 897 propterea
546 816 608 879 iam
637 816 788 879 audemus
818 816 850 879 in
878 834 953 880 noce
981 816 1178 880 exultationis
1206 822 1238 882 et
1259 837 1333 883 con-

193 921 338 984 fessionis
355 923 389 983 nt
404 919 494 983 liberi
508 921 714 1000 proclamare:
739 919 1013 1002 disrumpamus
1036 920 1186 985 uincula
1209 941 1332 987 eorum

195 1029 230 1090 et
244 1025 470 1107 proiciamus
487 1041 505 1087 a
520 1024 627 1088 nobis
643 1024 768 1107 iugum
784 1025 957 1106 ipsorum.
976 1043 1071 1089 nnnc
1087 1026 1170 1089 enim
1186 1029 1332 1109 tempus

195 1133 402 1219 acceptum,
426 1147 523 1191 nunc
545 1128 681 1192 salutis
705 1128 796 1208 dies,
820 1147 892 1193 cnm
908 1130 970 1193 iam
986 1147 1048 1193 non
1064 1130 1096 1192 in
1112 1130 1224 1194 umbra
1239 1130 1332 1194 nubis

148 1261 169 1299 o
195 1234 248 1296 sed
269 1234 301 1297 in
319 1233 438 1297 lumine
459 1234 595 1315 corporis
611 1233 660 1296 sni
675 1232 792 1296 ueritas
809 1233 906 1297 adest.
931 1236 962 1297 ct
982 1237 1133 1315 oportune
1154 1234 1192 1298 ad
1212 1235 1332 1319 gratiae

193 1342 317 1421 tempus
341 1342 373 1402 et
394 1339 513 1422 species
535 1337 690 1402 libertatis
720 1339 837 1402 tonsori
867 1338 898 1401 in
927 1343 1075 1421 promptu
1103 1343 1159 1419 est,
1191 1341 1244 1420 qni
1274 1357 1331 1403 nos

193 1446 224 1505 et
246 1443 408 1524 prolixiore
431 1443 541 1525 capitis
564 1443 742 1506 uelamento
764 1442 859 1522 leuet,
882 1446 918 1506 ut
937 1443 1056 1525 gratiae
1072 1443 1220 1525 spiritalis
1236 1444 1332 1507 bene-

192 1545 296 1610 ficium
329 1548 422 1611 etiam
452 1534 620 1630 corporalis
650 1546 752 1610 forma
782 1550 914 1637 testetur
944 1550 975 1609 et
1003 1546 1159 1611 libertatis
1189 1548 1330 1611 internae

192 1651 345 1714 laetitiam
368 1651 520 1715 serenitas
542 1651 700 1714 renelatae
724 1651 835 1714 frontis
858 1654 963 1714 ostent
982 1654 1004 1714 t.
1050 1701 1051 1705 ,

145 1781 166 1818 s
235 1753 286 1818 24.
306 1755 444 1819 Feminis
460 1759 584 1819 tantum
600 1772 721 1818 comam
739 1755 908 1836 apostolica
922 1755 1048 1837 reliquit
1064 1756 1241 1837 auctoritas,
1258 1758 1332 1838 quia

191 1859 251 1923 etsi
285 1860 360 1941 ipsis
394 1877 458 1923 nna
490 1858 653 1923 nobiscum
687 1859 764 1922 fides
799 1859 1015 1923 uelamentum
1044 1859 1145 1923 cordis
1176 1866 1330 1939 amoneat,
1425 1840 1433 1857 ’

191 1967 298 2027 tamen
322 1964 530 2046 tegimentum
552 1964 661 2046 capitis
690 1967 722 2026 et
748 1964 859 2026 frontis
882 1962 1101 2027 umbraculum
1125 1965 1330 2029 uerecundiae

191 2068 285 2131 decus
308 2069 461 2150 postulat3
493 2071 523 2130 et
550 2068 619 2131 ideo
641 2069 797 2150 perfectus
820 2066 893 2131 fidei
916 2085 952 2131 ac
975 2067 1158 2149 disciplinae
1182 2070 1330 2152 magister

190 2172 280 2236 docet
309 2173 490 2236 indecorum
519 2173 585 2235 niro
616 2173 748 2252 crinem,
784 2172 857 2254 quia
890 2170 1069 2236 abscondi
1103 2189 1173 2236 non
1204 2176 1330 2254 potest

143 2303 164 2341 a
190 2280 301 2359 capnt
323 2277 395 2340 uiri
419 2276 607 2356 Christus,
631 2277 713 2358 qnod
729 2279 777 2339 est
793 2279 824 2339 et
839 2277 893 2339 illa
916 2294 1027 2357 snpra
1049 2281 1208 2341 montem
1232 2277 1330 2341 aedi-

189 2382 305 2445 ficata
327 2381 462 2444 ciuitas
486 2382 521 2443 in
545 2381 720 2461 ecclesia,
744 2398 835 2461 quac
859 2397 991 2463 corpus
1015 2383 1071 2443 est
1094 2380 1244 2444 Christi.
1271 2382 1329 2444 ita-

189 2503 249 2566 que
273 2486 339 2549 niro
363 2486 525 2566 dedecens,
552 2485 688 2549 feminae
712 2485 805 2548 decus
829 2489 886 2565 est,
910 2502 989 2565 quae
1013 2485 1129 2548 nemini
1153 2488 1247 2567 capnt
1269 2488 1328 2564 est,

190 2590 244 2653 sed
271 2590 446 2653 honestatis
474 2590 560 2654 cultu
586 2593 677 2653 ornat
703 2589 806 2652 nirnm
835 2592 866 2652 et
893 2589 1026 2670 corporis
1055 2589 1176 2668 seriem,
1205 2607 1282 2670 quae
1310 2607 1329 2652 a

190 2695 290 2776 capite
308 2692 422 2758 Christi
440 2693 496 2756 deo
520 2696 552 2756 et
567 2694 627 2756 uiri
643 2692 766 2757 Christo
790 2696 822 2757 et
845 2693 983 2756 mulieris
1006 2692 1072 2756 uiro
1096 2694 1219 2771 texitur,
1239 2693 1328 2774 quasi

143 2823 164 2860 a
190 2798 222 2861 in
249 2797 488 2861 fundamentum
516 2798 618 2861 locata
647 2800 813 2860 sustentat.
845 2797 899 2860 sed
927 2814 996 2860 eam
1024 2814 1146 2879 quoque
1173 2815 1228 2879 per
1255 2814 1329 2860 con·

191 2904 320 2966 sortium
344 2903 478 2984 corporis
502 2901 776 2982 membrorumque
798 2904 952 2965 texturam
968 2900 1149 2983 participem
1166 2905 1198 2964 et
1212 2902 1328 2965 summi

190 3007 302 3090 capitis
331 3007 408 3070 tacit
435 3005 589 3086 Christus,
620 3005 653 3069 in
684 3022 744 3087 qno
775 3024 840 3068 nec
871 3005 1059 3069 masculus
1091 3023 1157 3069 nec
1188 3004 1328 3068 femina

292 3204 320 3272 4]
341 3204 560 3273 (natthinaei).
614 3203 643 3272 6]
656 3204 709 3271 (Ps.
723 3205 813 3269 41,5).
867 3203 895 3271 7]
914 3203 957 3256 Ps.
971 3205 996 3263 2,
1014 3205 1037 3257 3.
1092 3203 1121 3270 8]
1144 3202 1172 3256 11
1191 3201 1325 3265 Cor.6‚2.

192 3292 235 3360 19]
253 3292 349 3345 Mattb.
364 3295 387 3352 5,
403 3295 446 3351 14;
465 3291 478 3343 Ι
498 3291 556 3345 Cor.
572 3294 611 3353 ll,
625 3294 653 3351 3;
673 3290 738 3358 Eph.
754 3293 776 3352 1,
791 3292 831 3345 22.
886 3290 931 3358 27]
951 3289 1009 3343 Gal.
1023 3293 1047 3349 3,
1060 3292 1084 3345 8.

234 3465 339 3520 loueri
359 3467 393 3532 F,
411 3465 504 3517 honeri
521 3466 579 3519 PU
645 3464 778 3519 ahonori
802 3465 886 3519 FPU
954 3462 1090 3517 5honere
1113 3463 1170 3517 PU
1220 3461 1325 3530 depres-

189 3569 230 3605 sos
261 3555 325 3621 sort.
406 3557 422 3605 6
453 3552 555 3604 leuauit
588 3552 624 3606 M
699 3555 713 3605 7
747 3551 932 3619 dirumpamus
967 3550 1019 3602 FL
1090 3552 1106 3602 9
1139 3564 1192 3601 non
1219 3566 1269 3603 om.
1299 3549 1324 3601 L

191 3643 222 3694 10
243 3641 358 3708 gratiam
378 3642 405 3691 et
427 3641 457 3705 0,
480 3639 592 3705 gratiam
612 3656 628 3692 υ
699 3641 728 3692 ll
749 3637 987 3706 species-tonsori
1009 3635 1060 3701 On,
1084 3635 1325 3703 speciem—tonsor

188 3734 232 3781 cet.
287 3727 439 3795 pmmtuL
495 3728 526 3780 13
545 3726 663 3778 inetcrne
683 3726 711 3778 F
763 3727 794 3779 14
813 3722 1030 3776 reuelatae-ctsi
1049 3723 1113 3791 ipsis
1132 3738 1186 3774 una
1208 3739 1258 3777 om.
1273 3721 1324 3788 P¹,

187 3840 250 3894 odd.
268 3841 299 3894 io
317 3856 368 3908 my.
386 3837 427 3892 P*
491 3836 643 3892 ostenderet
661 3837 691 3891 F
760 3840 790 3891 17
809 3838 975 3905 tegmentum
995 3836 1083 3901 FPU,
1103 3799 1280 3904 tegimentum
1297 3834 1323 3888 L

187 3951 308 4022 capitalis
324 3953 351 4008 U
400 3917 520 4007 203ηωῦιῖ
534 3952 578 4019 (⁹¹¹
589 3952 663 4019 Μ)
716 3952 749 4005 23
762 3951 856 4003 seriem
869 3949 985 4017 corporis
999 3949 1035 4003 M
1083 3950 1117 4003 25
1135 3962 1284 4018 percepto
1301 3948 1328 4004 U

186 4021 346 4120 lortian
397 4068 432 4119 26
450 4065 552 4117 torturi
569 4063 616 4118 M¹
