3036 4770
222 290 289 344 VIII
699 289 876 343 Praelatio.

152 464 183 526 P
264 465 366 530 Codex
388 464 519 528 Parisin.
536 465 591 528 lat.
607 482 712 547 papyr.
726 462 811 528 9548
827 484 853 529 5.
865 464 924 529 XV
939 464 1076 529 continet
1091 463 1113 527 1.
1129 460 1189 525 149
1205 462 1356 545 epistulas

222 569 253 649 5,
269 568 321 649 24,
338 566 390 649 23,
409 569 459 648 11,
480 569 506 648 l,
525 566 577 648 22,
594 567 647 649 30,
663 566 716 650 28,
733 566 785 650 29,
801 568 854 650 31,
872 567 924 648 10,
936 567 988 648 20,
1001 566 1053 647 19,
1068 565 1117 647 14,
1129 567 1181 646 35,
1194 566 1247 645 36,
1262 564 1356 646 12,9,

223 671 254 752 2,
265 670 318 752 21,
334 672 382 752 15,
396 670 450 752 31,
462 670 513 753 18,
525 670 578 753 38,
589 671 643 753 39,
654 672 707 752 44,
718 670 772 753 42,
783 672 836 752 33,
850 671 891 735 13
906 674 990 754 (inde
1006 690 1025 736 a
1039 671 1143 737 uerbis
1162 689 1189 735 5.
1205 669 1245 733 10
1258 690 1290 753 p.
1303 668 1356 751 92,

225 776 241 838 1
266 774 359 838 eorde
381 786 510 839 morum
532 776 711 861 operatur),
726 776 779 856 34,
796 776 849 856 43,
867 776 974 856 32,16
996 796 1069 840 5551
1084 774 1222 840 carmine
1237 772 1290 853 22,
1301 772 1356 853 40,

221 879 275 960 41,
290 879 321 960 4,
337 879 368 960 6,
384 879 415 960 3,
432 878 462 961 l,
478 879 507 944 8.
553 885 675 963 praeter
702 879 778 943 haec
805 880 929 944 Paulini
956 898 1050 962 opera
1071 880 1092 943 f.
1117 876 1196 940 120·
1220 882 1251 942 51
1275 875 1356 940 121u

224 983 355 1047 Ausonii
370 1003 495 1049 carmen
512 984 550 1049 ad
566 985 731 1048 Paulinum
752 981 894 1065 (Quarta
913 980 974 1044 titi
994 983 1072 1044 leaeo
1090 1012 1133 1034 =
1148 982 1226 1046 Aus.
1239 981 1273 1044 11.
1290 979 1357 1061 24),

225 1092 256 1151 51
270 1088 291 1151 f.
307 1086 366 1151 137
380 1107 447 1170 sqq.
464 1088 567 1171 Alypii
588 1093 620 1150 et
639 1087 807 1170 Augustini
827 1087 994 1171 epistulam
1014 1085 1053 1149 ad
1071 1085 1239 1149 Paulinum
1258 1083 1358 1166 (Tan-

224 1191 294 1254 dem
321 1191 499 1275 aliquando
524 1190 701 1276 praesidet
729 1187 834 1274 notis)
863 1188 1002 1274 praebet.
1044 1189 1180 1253 codicem
1205 1189 1358 1254 125511-

225 1296 378 1359 meister
400 1294 540 1359 eontulit.

153 1502 185 1566 F
268 1504 493 1568 Laurentianus
521 1502 598 1586 plut.
627 1500 679 1566 23.
707 1503 774 1567 cod.
802 1500 845 1564 20
879 1500 1010 1566 membr.
1040 1497 1102 1564 259
1137 1499 1173 1561 4⁰
1199 1500 1358 1580 15111,

224 1626 339 1692 magus
351 1607 502 1671 55155155
515 1605 801 1671 abbreuiationibus
815 1608 967 1685 exaratus,
983 1605 1119 1668 eontinet
1131 1604 1245 1688 pagina
1256 1604 1361 1687 prima

223 1713 366 1792 indicem,
398 1712 495 1776 altera
521 1711 648 1775 titulum
676 1710 851 1775 artificiosis
880 1709 1001 1772 circulis
1033 1713 1188 1788 ornatum,
1219 1708 1271 1789 qui
1300 1708 1359 1772 hes

223 1819 387 1882 includunt
420 1816 647 1899 inscriptiones,
678 1819 770 1897 atque
800 1816 898 1878 maior
928 1813 1064 1876 medius:
1098 1812 1134 1874 in
1164 1812 1222 1875 hoc
1252 1809 1361 1874 codice

225 1920 429 1985 continentur
452 1940 550 2005 opera
572 1940 654 2002 quae
678 1918 714 1981 in
737 1918 861 1982 circulo
883 1927 959 1979 sunt
981 1916 1147 1998 adnotata,
1171 1917 1273 1980 minor
1296 1916 1359 1999 pri-

226 2045 309 2089 mus:
352 2023 576 2108 Epistularum
602 2018 657 2086 sii
681 2021 820 2085 Paulini
847 2019 916 2106 Epi
940 2020 1075 2102 Nolani,
1104 2021 1195 2084 alter:
1233 2018 1359 2104 epten

226 2128 334 2191 larum
361 2124 411 2191 e'c‘i
433 2127 556 2212 Ignatii
582 2124 651 2213 Εῇ
673 2137 702 2191 et
728 2126 893 2210 martyris,
922 2127 1032 2190 tertius
1059 2123 1283 2209 Epistolarurn
1310 2122 1360 2186 a&

224 2231 361 2295 Antonii
388 2229 524 2313 ablatis,
552 2238 680 2315 quartus
703 2231 777 2295 Vita
799 2228 848 2293 εᾶ
869 2228 1007 2292 Paulini
1027 2226 1095 2315 Epi
1112 2227 1246 2290 Nolani.
1278 2229 1360 2292 Pau-

224 2337 278 2402 lini
308 2354 401 2420 opera
428 2337 536 2402 eodem
563 2338 669 2401 ordine
698 2356 731 2401 se
759 2336 915 2418 excipiunt
941 2335 995 2417 qui
1022 2338 1071 2397 est
1097 2333 1210 2397 codicis
1237 2329 1273 2412 P,
1301 2332 1361 2395 nisi

225 2441 306 2523 quoti
329 2459 455 2505 carmen
479 2439 521 2503 22
540 2439 680 2503 Ausonii
702 2439 844 2525 epistula
868 2438 912 2501 ad
933 2436 1113 2500 Paulinum
1135 2433 1277 2518 (Quarta
1301 2432 1362 2497 tili

224 2575 268 2598 =
301 2544 420 2610 Auson.
452 2545 486 2608 Ε.
514 2542 570 2629 24)
609 2546 750 2627 sequitur
788 2548 819 2607 et
855 2548 927 2627 post
962 2542 1128 2626 epistulam
1163 2538 1182 2602 8
1216 2558 1269 2602 sex
1297 2539 1361 2623 epi·

226 2650 323 2713 stolae
351 2649 490 2713 adiectae
516 2653 603 2713 sunt:
641 2648 812 2732 Augustini
838 2648 876 2711 sd
903 2646 1086 2710 Paulinum:
1124 2641 1264 2704 Tandem
1297 2640 1362 2703 ati-

225 2752 355 2837 quando
375 2790 426 2835 -,
449 2750 476 2815 O
499 2750 574 2817 bone
597 2752 654 2815 uir
677 2749 804 2815 ellone
819 2750 934 2836 frater
953 2786 1004 2830 -,
1028 2746 1110 2811 Cum
1130 2745 1257 2809 litteras
1275 2766 1361 2807 meas

225 2855 343 2941 quibus
359 2857 511 2943 respondi
527 2896 578 2940 -,
594 2858 718 2922 Paulini
733 2859 771 2921 ad
787 2855 1016 2938 Augustinum:
1038 2850 1087 2913 De
1097 2851 1218 2936 paucis
1230 2848 1361 2933 (=50),

226 2961 398 3046 Augustini
419 2962 457 3026 ed
477 2962 659 3027 Paulinum:
683 2958 776 3033 Quod
790 2969 819 3022 te
839 2967 905 3020 tani
921 2978 1080 3043 prospera
1095 2992 1146 3037 -,
1164 2952 1362 3018 Carissimus

219 3063 333 3150 frater
355 3062 467 3129 Celsus
490 3088 547 3139 —;
586 3066 695 3130 deinde
724 3067 871 3128 secuntur
893 3061 1071 3145 praemissis
1095 3060 1252 3124 nonnullis
1275 3058 1363 3121 testi-

226 3170 339 3234 moniis
355 3170 470 3254 Ignatii
483 3170 669 3235 Antistheni
685 3169 847 3253 epistulae,
867 3164 941 3228 laus
957 3162 1102 3250 Hpronis
1116 3161 1277 3247 discipuli
1292 3161 1362 3224 eius

225 3271 262 3334 in
285 3295 356 3338 eurn
380 3272 438 3358 qui
461 3273 490 3336 ei
514 3282 707 3336 successerat
728 3271 765 3334 in
788 3269 976 3356 episcopatu
998 3305 1050 3349 -,
1074 3266 1149 3352 epla
1172 3263 1256 3330 beati
1271 3264 1362 3349 Poly-

228 3377 322 3463 carpi
345 3377 389 3440 ad
418 3376 652 3462 Philippenses,
683 3380 805 3457 septem
835 3374 986 3457 epistulae
1014 3371 1043 3437 S.
1072 3371 1200 3436 Antonii
1230 3370 1362 3449 abbatis,

227 3481 349 3546 Paulini
376 3482 442 3546 uita
472 3481 511 3545 sb
532 3481 647 3546 Vranio
678 3480 853 3562 conscripta
880 3482 912 3542 et
938 3476 1026 3541 uaria
1053 3477 1091 3540 de
1118 3474 1249 3539 Paulino
1277 3473 1363 3538 testi-

227 3586 384 3650 51551551
400 3585 570 3666 Gennadio,
586 3584 714 3664 Isidoro,
730 3583 847 3663 Marco,
863 3581 1028 3661 Michaele,
1044 3579 1233 3663 Augustino,
1253 3578 1363 3642 Hiero-

227 3690 506 3771 nymo,llincentio
529 3689 703 3771 desumpta.
742 3687 767 3752 I.
785 3685 1040 3751 Zechmeister
1062 3683 1203 3748 contulit.

269 3792 315 3857 111
334 3794 392 3858 1155
412 3793 515 3858 codice
535 3792 680 3874 descripti
700 3796 775 3856 sunt
797 3791 829 3873 1)
849 3789 914 3854 eod.
929 3789 1162 3853 Vallicellianus
1183 3787 1280 3851 chart.
1299 3786 1327 3849 D
1343 3783 1360 3846 l

228 3896 249 3959 1.
262 3895 326 3960 209
340 3897 377 3960 4⁰
392 3917 416 3960 s.
429 3897 514 3976 XVI,
534 3897 615 3978 quod
637 3897 704 3978 ipse
727 3899 874 3959 testatur:
899 3891 996 3955 eadee
1015 3892 1074 3954 iste
1093 3890 1274 3975 (1555115151
1287 3888 1363 3975 fuit

227 4018 266 4060 ea
288 3998 570 4085 praestantissimo
592 3996 783 4083 Euemplari
805 3995 993 4059 Florentino
1015 3993 1235 4058 Bibliothecae
1262 3992 1363 4055 Medi·

229 4121 301 4165 ceae
327 4102 580 4184 Lawentianas,
609 4101 705 4165 cuius
731 4100 833 4164 indes
854 4099 1079 4186 Epistolcruna
1101 4096 1363 4184 555155551ιί-

227 4198 331 4272 letur.
351 4213 445 4292 atque
457 4207 566 4273 insunt
579 4207 706 4271 eaedem
719 4206 871 4288 epistulae
888 4205 997 4269 eodem
1013 4205 1116 4269 5111155
1132 4222 1165 4267 55
1178 4203 1364 4284 excipientes
