3036 4770
580 314 726 385 epistula
743 313 855 378 XXXII,
874 331 896 369 o.
910 315 988 370 5-6.
1291 295 1352 361 281

338 489 481 555 Nominis
505 494 541 555 ut
562 490 665 572 titulo,
689 491 733 555 sio
756 490 872 555 mentis
894 489 1015 555 lumine
1038 488 1148 554 Clarus
1196 542 1200 549 .

338 595 505 679 Presbyter
531 596 590 660 hoo
618 596 750 680 tegitur;
783 595 838 659 sed
866 594 1010 660 membra
1036 595 1153 659 oaduoa
1179 595 1354 678 sepulohro,

338 698 450 763 Libere
472 717 617 783 corporeo
640 718 730 765 mens
754 717 877 764 oaroero
900 699 1017 783 gaudm
1038 699 1072 762 in
1094 699 1186 763 astris

341 803 425 867 Pura
447 802 651 887 probatorum
674 804 781 869 sedem
805 803 914 868 sortita
936 804 1068 887 piorum.

338 904 453 973 Sancta
476 908 535 973 snb
558 909 692 974 aeternis
715 909 867 973 altaribus
891 925 962 973 ossa
984 908 1160 990 quieseunt,

338 1012 381 1077 Vt
404 1013 479 1077 dum
502 1017 590 1078 easta
612 1014 663 1096 pio
686 1013 864 1078 referuntur
888 1030 1019 1078 munera
1041 1011 1170 1092 Christi,

338 1115 461 1181 Dininis
484 1119 582 1182 saeris
606 1118 729 1182 animae
752 1117 923 1202 iungantur
945 1116 1064 1181 odores.

256 1299 337 1362 Item
365 1299 402 1363 de
430 1300 550 1381 eodem,
582 1304 617 1365 nt
644 1319 721 1383 qnos
749 1300 896 1365 malueris
925 1301 1037 1384 eligas3
1072 1299 1126 1364 sed
1154 1318 1211 1384 ego
1238 1299 1301 1364 seio
1323 1299 1355 1364 in

213 1403 271 1467 hoo
295 1408 327 1468 te
348 1404 452 1486 potius
475 1405 634 1489 ambigere
657 1405 781 1487 debere,
805 1424 867 1471 non
889 1409 925 1470 ut
946 1406 1068 1488 aliquos
1091 1404 1130 1468 ad
1153 1405 1281 1469 titulum
1301 1404 1357 1469 sli-

161 1535 186 1572 ro
214 1527 297 1591 gere,
322 1509 375 1572 sed
399 1529 438 1573 ne
462 1510 525 1574 ullo
549 1509 662 1575 debeas
686 1510 831 1575 iniuriam
855 1514 963 1575 sanoto
987 1510 1037 1574 dei
1059 1509 1171 1573 lasere.

338 1674 507 1758 Presbyter
529 1675 580 1739 hio
603 1677 682 1740 situs
706 1678 752 1740 est
776 1675 896 1740 meritis
920 1679 952 1740 et
975 1675 1101 1739 nomine
1122 1674 1244 1756 Clarus,

339 1779 477 1845 Martino
500 1780 611 1844 studiis
634 1798 739 1846 eomes
762 1782 793 1844 et
815 1781 920 1844 meriti
942 1780 1034 1845 modo
1058 1797 1192 1844 consors

339 1884 444 1968 Digna
465 1885 516 1967 pio
539 1885 650 1950 domus
674 1888 722 1949 est
743 1885 864 1965 altaria,
888 1884 945 1949 sub
969 1883 1081 1966 quibus
1104 1888 1191 1948 artus

340 1986 500 2071 Conditus,
524 1989 680 2064 exanim03
705 2007 779 2053 nam
802 1988 932 2072 spiritns
956 1989 1081 2053 aethere
1104 1988 1222 2072 gaudet

341 2093 599 2177 Discipulumque
622 2094 689 2176 pari
712 2095 810 2158 sociat
832 2112 924 2176 super
946 2096 1032 2157 astra
1053 2094 1211 2177 magistro.

344 2265 435 2333 Olane
457 2268 529 2350 fide,
551 2270 710 2352 praeclare
733 2271 816 2349 antu,
839 2268 1011 2333 clarissime
1034 2268 1150 2349 fruotn,

386 2372 446 2454 Qui
467 2374 588 2439 meritis
612 2373 738 2439 titulum
761 2373 896 2438 nominis
920 2372 1112 2456 aequiparas,

343 2476 438 2542 (laeta
460 2480 552 2542 tuum
575 2478 669 2562 digne
692 2479 801 2542 uelant
824 2477 935 2542 altaria
957 2495 1080 2560 eorpus,

384 2582 428 2647 Vt
449 2582 605 2664 templum
628 2582 745 2647 Christi
768 2586 915 2666 contegat
937 2600 992 2646 ara
1013 2580 1073 2646 dei.

342 2684 403 2751 Sed
425 2687 499 2769 quia
520 2690 555 2751 tu
578 2705 641 2752 non
663 2687 733 2768 hao,
756 2704 819 2769 qua
840 2704 962 2770 eorpus,
986 2685 1059 2750 sede
1082 2684 1210 2766 teneris,

385 2789 446 2871 Qui
468 2791 586 2856 meritis
609 2791 730 2874 superis
754 2791 882 2874 spiritus
904 2790 1063 2872 inuolitas,

342 2893 413 2960 Siue
435 2898 563 2979 patrum
585 2894 706 2960 sinibus
728 2894 859 2960 reoubas
883 2894 1039 2959 dominius
1063 2893 1122 2958 sub
1145 2910 1200 2957 ara

367 2999 534 3065 ‘Condatis
557 3004 611 3065 aut
634 3018 721 3065 sacro
742 2999 880 3083 passeris
904 3000 936 3063 in
960 3017 1096 3080 nemore,

343 3103 488 3185 Qualibet
510 3105 543 3170 in
564 3105 691 3189 regione
713 3104 778 3188 poli
800 3104 878 3169 situs
902 3107 956 3168 aut
977 3103 1123 3186 paradisi,

386 3208 485 3292 clare,
508 3209 567 3275 sub
591 3213 718 3275 aeterna
739 3227 815 3292 paoe
838 3207 950 3273 beatus
973 3208 1051 3292 agie.

344 3314 432 3379 Haeo
455 3318 655 3398 peecatorum
677 3314 778 3379 bonus
802 3314 906 3396 accipe
929 3317 1004 3378 uota
1025 3316 1204 3397 rogantum,

264 3573 410 3643 llumine]
430 3574 536 3629 nomine
554 3576 591 3630 Μ
641 3574 718 3643 out]
737 3577 765 3628 et
782 3574 868 3630 FLU
916 3573 959 3642 pie
977 3573 1046 3629 coni.
1064 3574 1158 3629 Soeeb.
1213 3571 1307 3627 christi
1327 3572 1359 3642 Ο,

220 3662 319 3716 christo
337 3668 383 3718 cei.
437 3665 452 3717 7
471 3661 579 3716 diuinae
597 3662 695 3729 FLM,
713 3661 803 3715 diuine
819 3662 846 3717 U
895 3663 912 3716 8
929 3660 1007 3730 item]
1026 3659 1091 3714 item
1109 3676 1202 3714 uersus
1220 3659 1248 3713 in
1266 3658 1358 3713 eodem

220 3748 355 3819 epitaphio
378 3751 415 3804 M
482 3749 514 3802 de
538 3749 701 3803 eodem-l.
717 3751 749 3805 10
772 3746 858 3801 faeere
881 3765 932 3803 ons.
951 3749 987 3802 M
1055 3746 1137 3815 eligas
1163 3746 1194 3815 0,
1216 3746 1289 3815 legas
1311 3753 1357 3803 est.

222 3838 254 3891 10
273 3853 305 3889 ne
324 3835 378 3889 ullo
395 3837 504 3905 scripsi,
522 3852 555 3889 ne
573 3835 647 3889 nullo
664 3836 695 3902 0,
713 3834 746 3888 de
765 3834 839 3888 nullo
857 3840 913 3902 eet,
932 3850 964 3887 ne
982 3833 1113 3889 nullamo
1167 3836 1198 3889 ll
1211 3832 1359 3902 praesbiter

221 3925 390 3992 -p.284,8
411 3922 488 3976 iuuat
509 3924 566 3978 aad.
585 3926 610 3975 A
662 3922 764 3975 meritis
783 3922 848 3976 LM
898 3922 930 3976 13
948 3920 1063 3975 arousO
1117 3922 1149 3976 14
1167 3919 1289 3974 conditor
1305 3919 1360 3977 Lo

220 4010 354 4063 exanimos
373 4011 414 4080 Μ,
432 4009 545 4064 exanim'
564 4028 580 4065 o
632 4009 742 4078 spiritus
761 4026 811 4065 om.
834 4008 856 4063 O
908 4007 1020 4077 gaudet]
1039 4008 1134 4063 teneaat
1152 4009 1190 4062 Μ
1202 4009 1359 4077 indemptio·

220 4114 293 4152 nam:
309 4097 375 4151 item
394 4096 439 4151 alii
457 4112 550 4151 uersus
569 4098 602 4151 de
620 4100 711 4150 saneto
730 4096 801 4150 olaro
866 4097 899 4151 16
916 4093 997 4148 fidem
1020 4094 1043 4149 0
1109 4097 1140 4150 17
1159 4094 1314 4164 aequiparas
1332 4095 1364 4149 F

221 4186 254 4239 21
274 4185 489 4240 meritueLMU
537 4184 640 4254 superis
652 4184 744 4241 om.O
795 4185 828 4238 22
842 4181 951 4235 recubas
964 4180 1066 4235 sinibus
1082 4181 1168 4238 FPU
1217 4179 1361 4252 XmZneM

222 4272 256 4327 23
274 4271 332 4342 aut]
350 4273 382 4326 ut
399 4274 426 4329 U
1175 4304 1177 4307 -
