3036 4770
527 331 675 401 epistula
693 330 833 396 XXXIHI,
853 347 874 385 o.
887 333 964 388 8-6.
1257 313 1320 379 307

177 505 256 588 fieri,
280 509 316 570 ut
338 505 397 572 sibi
421 508 586 572 materiam
610 525 684 590 erga
703 512 733 571 te
753 505 978 571 beneficentiae
998 506 1107 589 pariat,
1131 506 1205 587 quia
1219 506 1320 570 bonus

179 615 239 691 est,
267 610 324 675 tibi
346 612 441 678 iaoiat
463 613 621 692 meritum,
649 612 732 694 quod
755 611 847 694 digne
869 610 1011 693 reeipias,
1042 610 1116 693 quia
1137 610 1239 674 iustus
1263 615 1320 674 est.

221 713 252 779 5.
284 715 399 780 Patent
428 716 523 800 igitur
553 717 693 781 thesauri
722 715 875 780 bonorum
904 716 986 780 iilius
1018 719 1050 779 et
1079 714 1205 778 diuitiae
1232 714 1322 780 boni-

179 820 254 884 tatis
279 820 344 884 eius
367 821 401 884 in
418 825 566 904 promptu
589 825 671 900 suut,
696 825 731 885 ut
752 821 968 903 unusquisqne
991 838 1053 884 non
1077 822 1219 902 expectet
1241 819 1321 883 eooi-

140 942 263 1006 opsre,
293 924 348 988 sed
377 925 459 989 ultro
487 924 548 989 sibi
575 924 677 1009 rapiet
704 928 857 1007 quantum
885 924 971 988 uelit.
1010 923 1041 987 in
1068 924 1127 988 hoo
1154 923 1238 987 enim
1264 941 1321 987 uos

179 1029 253 1093 ierit
275 1028 374 1094 bonus
398 1030 542 1094 dominus
566 1035 598 1094 et
619 1033 707 1112 pater
730 1033 867 1108 sanstus,
891 1034 925 1093 ut
947 1033 1052 1093 nostro
1076 1027 1157 1094 bono
1180 1047 1320 1093 essemus

179 1133 261 1197 boni.
301 1152 375 1198 nam
398 1152 459 1216 quo
487 1135 540 1199 ille
566 1135 720 1218 indigeret
743 1135 934 1198 extrinsecus
957 1133 1039 1198 bono
1061 1135 1114 1215 qui
1136 1137 1221 1198 totus
1244 1134 1321 1216 ipse,

180 1241 317 1321 quantus
348 1243 407 1319 est,
436 1239 560 1311 bonitas
592 1243 624 1303 et
651 1239 809 1305 beatitudo
838 1241 908 1302 est?
946 1236 984 1303 ob
1012 1238 1081 1318 hoo,
1111 1238 1321 1319 quantumin

179 1343 246 1426 ipso
275 1346 333 1423 est,
364 1344 534 1424 carissimi,
558 1361 703 1408 omnem
730 1343 915 1407 homiuem
942 1344 1025 1407 unit
1052 1343 1199 1408 saluum
1225 1342 1321 1421 fieri,

124 1474 153 1513 lo
180 1446 253 1529 quia
275 1448 307 1512 in
330 1448 416 1512 omni
438 1448 563 1512 homine
586 1466 663 1530 opus
687 1466 778 1511 suum
802 1446 915 1530 diligit,
939 1451 971 1510 et
993 1448 1122 1529 inpense
1142 1446 1200 1511 tibi
1215 1447 1321 1529 largus

181 1554 229 1615 est
252 1551 290 1616 de
318 1553 382 1615 suis
411 1551 531 1636 opibus,
563 1552 646 1615 situ
669 1551 726 1616 tibi
753 1552 820 1634 ipse
848 1570 910 1616 uon
939 1551 982 1615 sis
1004 1552 1130 1616 inuidus
1154 1554 1186 1615 et
1209 1569 1321 1616 auarus

180 1654 218 1718 de
240 1655 299 1736 bis,
322 1673 400 1738 quae
424 1656 500 1720 dens
523 1659 578 1720 tua
599 1656 682 1736 feeit,
706 1673 768 1720 non
792 1659 827 1719 ut
850 1673 944 1719 eausa
960 1655 1016 1720 tibi
1039 1656 1077 1720 ad
1099 1659 1243 1735 mortem,
1267 1656 1322 1720 sed

181 1763 217 1823 ut
243 1759 353 1824 reditio
382 1759 420 1824 ad
448 1760 548 1824 uitam
578 1760 667 1824 foret.
707 1778 724 1825 o
755 1759 948 1824 abundantia
977 1760 1126 1824 bonitatis
1157 1760 1219 1823 dei!
1254 1760 1322 1823 uult

184 1863 317 1928 fenerari
351 1883 386 1929 er
421 1864 482 1944 his,
516 1881 595 1945 quae
628 1864 696 1946 ipse
730 1863 861 1948 largitus
893 1868 956 1938 est;
991 1863 1076 1946 eupit
1105 1864 1225 1928 debitor
1254 1863 1322 1928 fieri

124 1994 153 2034 15
183 1967 334 2033 donorum
366 1986 507 2049 suorum,
542 1972 578 2032 ut
613 1987 684 2032 oum
719 1969 820 2032 multa
854 1968 912 2032 tibi
942 1968 1061 2032 ratione
1094 1971 1182 2032 tuam
1212 1968 1322 2033 reddat

182 2090 321 2137 usuram.

223 2175 253 2241 6.
277 2176 414 2260 Propera
435 2177 540 2261 igitur,
562 2176 668 2253 frater,
695 2180 762 2240 tarn
786 2175 913 2240 uberem
937 2175 995 2241 tibi
1018 2175 1212 2260 obstringere
1236 2175 1323 2241 debi-

180 2284 291 2361 torem,
315 2284 352 2345 ut
374 2286 406 2346 et
429 2282 564 2345 amioum
588 2286 618 2345 te
641 2300 677 2345 er
700 2299 791 2345 seruo
815 2285 905 2345 uoaet
928 2285 959 2344 et
980 2281 1013 2345 in
1037 2282 1099 2345 tuis
1122 2280 1322 2345 terrestribus

181 2386 319 2449 nummis
342 2389 373 2450 te
397 2390 540 2467 expertus
563 2385 688 2450 fidelem
712 2387 749 2450 de
773 2386 836 2449 suis
860 2384 1047 2449 caelestibus
1067 2386 1223 2450 thesauris
1244 2385 1322 2449 diui-

121 2515 153 2554 so
181 2492 244 2553 tem
267 2489 371 2554 faeiat.
396 2508 435 2552 ne
457 2490 604 2571 trepides,
628 2509 666 2553 ne
690 2490 853 2570 cuncteris,
878 2509 917 2553 ne
932 2507 1051 2572 pareas.
1076 2494 1142 2554 esto
1164 2489 1322 2554 uiolentus

181 2593 247 2674 deo,
270 2612 345 2677 rape
368 2612 465 2678 regna
488 2595 654 2659 saelorum.
679 2596 732 2677 qui
755 2597 841 2658 uetat
860 2594 961 2658 aliena
981 2594 1118 2677 oontingi
1137 2612 1193 2658 sua
1208 2594 1323 2677 gaudet

181 2697 297 2779 inuadi,
328 2701 361 2763 et
382 2698 435 2781 qui
457 2699 587 2763 damnat
613 2699 762 2763 auaritiae
788 2699 991 2781 rapacitatem
1015 2699 1123 2762 laudat
1145 2698 1217 2762 fidei
1240 2699 1322 2781 rapi-

180 2821 264 2867 nam.
302 2821 467 2887 pransores
495 2803 686 2867 tridudum
713 2807 879 2884 stantpro
907 2803 1024 2867 foribus
1052 2805 1114 2867 tuis
1142 2807 1266 2885 tempus
1290 2807 1323 2867 et

179 2925 287 2991 regern
309 2925 437 2971 mensae
461 2907 667 2990 opperientes.
691 2911 726 2971 tu
749 2908 898 2971 conuiuas
921 2907 1065 2980 moraris;
1097 2925 1185 2970 ourre
1208 2907 1322 2972 solliei-

121 3036 152 3076 115
180 3013 241 3091 tus,
272 3028 311 3074 ne
334 3011 450 3076 diutius
478 3015 627 3076 maneant
653 3012 829 3077 ieiunantes
855 3015 886 3075 et
908 3012 1020 3076 iniuria
1043 3029 1150 3075 eorum
1173 3012 1322 3076 excitetur

180 3113 217 3194 is,
247 3115 300 3196 qui
326 3115 402 3179 feeit
431 3116 501 3180 illos
529 3119 561 3180 et
587 3116 640 3198 qui
665 3116 735 3180 illos
764 3115 844 3180 bono
871 3120 924 3180 tuo
950 3134 1103 3199 pauperes
1126 3115 1208 3180 feeit.
1247 3133 1321 3180 nam

285 3356 314 3426 s]
333 3356 491 3426 (Persa).
545 3356 693 3426 surim.
707 3361 731 3422 a,
743 3360 768 3412 4.
833 3358 876 3427 re]
896 3357 1084 3426 (roslare).
1147 3357 1320 3426 11](111111,

182 3446 222 3508 11,
238 3444 288 3514 ra).
342 3444 389 3514 ao]
408 3445 498 3513 (reu.
514 3447 553 3509 14,
566 3446 618 3513 31).

225 3672 238 3726 1
262 3668 470 3724 benefacientiae
498 3671 528 3739 0,
550 3670 734 3725 benificentiae
758 3673 799 3739 Ε·
821 3688 882 3724 suae
900 3673 964 3726 odd.
984 3672 1068 3726 FPU
1134 3671 1219 3726 aubi
1241 3672 1271 3738 0,
1294 3675 1321 3725 et

180 3755 231 3810 tibi
249 3763 295 3812 oet.
358 3773 410 3825 quo
428 3758 539 3814 FOPU
599 3754 731 3827 bbouns]
751 3758 871 3813 nobisO
936 3757 1167 3826 iindulgeretO
1230 3758 1320 3813 10111-

179 3844 320 3911 pensaeL
390 3843 504 3912 largitus
523 3846 606 3901 FPU
675 3848 707 3901 12
725 3845 792 3900 iiso
864 3846 895 3900 13
913 3844 1009 3897 reditio
1027 3847 1134 3914 scripsi,
1152 3844 1267 3913 perditio
1289 3846 1320 3911 0,

180 3930 267 3998 presio
279 3930 369 3997 FLP,
381 3932 466 3999 pretio
479 3931 529 3984 tibi
547 3934 577 3998 U,
591 3932 708 4000 precium
727 3950 742 3986 o
795 3931 865 3985 foret
876 3950 896 3986 s.
912 3934 929 3985 l.
943 3950 976 3985 m.
990 3937 1005 3985 1
1019 3932 1053 3999 F,
1068 3932 1184 3985 torento
1236 3930 1320 3985 obun-

181 4015 253 4070 datio
276 4016 302 4084 (o
324 4017 387 4085 om.)
409 4018 436 4071 L
506 4017 660 4073 bonitasO
732 4021 763 4073 14
786 4018 858 4073 iiso
928 4017 983 4086 ipse
1005 4036 1055 4073 om.
1079 4019 1106 4074 U
1174 4022 1205 4072 15
1229 4020 1321 4073 tnaO

183 4106 213 4158 17
232 4119 342 4174 propera
363 4106 390 4160 U
450 4107 482 4161 19
500 4106 683 4173 expertumO
745 4106 798 4158 tuis
817 4105 847 4158 F
896 4108 922 4157 ts
942 4103 1053 4157 diuitem
1072 4105 1099 4158 L
1161 4107 1195 4159 20
1213 4105 1317 4174 pareas]

180 4204 213 4242 ne
231 4187 337 4244 dubites
355 4191 419 4245 odd.
433 4192 517 4247 FPU
566 4194 597 4246 21
619 4191 666 4244 dso
686 4191 735 4244 deo
752 4194 778 4247 U
828 4207 889 4259 rape
901 4192 957 4258 Lo,
976 4207 1067 4259 rapere
1083 4191 1140 4258 OP,
1158 4207 1251 4260 capere
1264 4192 1323 4248 Fu

179 4278 213 4332 22
231 4277 277 4345 qui
295 4294 345 4332 om.
363 4278 390 4332 L
443 4279 478 4332 24
495 4277 644 4347 operientes
664 4279 776 4332 FLPU

1114 4368 1164 4417 20*
