3036 4770
155 305 220 372 350
489 319 515 375 S.
529 319 662 374 Paulini
680 317 801 373 Nolani
819 315 963 387 episcopi

154 498 298 563 nolemus
314 496 354 560 ad
367 497 511 561 brauium
527 514 679 578 supernae
696 494 879 573 necationis,
896 496 1063 574 sequentes
1080 491 1177 555 istum
1192 508 1298 572 passe·

154 620 223 665 rem
254 601 455 686 singularem,
490 601 544 683 qui
576 601 687 664 unicus
721 603 770 663 est
799 598 849 662 dei
878 597 972 675 filius,
1008 596 1302 677 superuelitantem,

156 706 243 789 quie
271 706 308 770 in
338 705 429 770 altis
457 705 606 770 habitat
635 709 672 769 et
696 703 856 768 humilia
884 701 1057 783 respicit,
1089 700 1213 781 etqui
1243 698 1302 762 de-

156 811 304 876 scendit
331 809 369 874 in
399 809 581 874 inferiora
611 812 749 889 terrae,
780 809 859 891 ipse
890 810 947 870 est
977 805 1098 886 etqui
1126 803 1304 868 adcendit

156 933 266 997 super
289 933 417 979 omnes
440 915 564 979 caeles
587 915 775 997 captiuam
798 912 934 975 ducens
957 910 1234 994 captiuitatem,
1262 913 1303 972 ut
1342 935 1349 972 ε

156 1019 370 1101 adinpleret
385 1019 529 1083 emnia?
552 1019 636 1082 hunc
652 1036 812 1101 passerem
829 1016 856 1080 si
872 1016 991 1080 directa
1006 1014 1179 1078 imitatione
1195 1013 1303 1076 ualea-

156 1142 226 1187 mus
255 1123 353 1205 ecqui,
382 1124 484 1188 isdem
512 1123 652 1205 uestigiis
680 1122 889 1201 ambulantes,
921 1119 1036 1202 quibus
1066 1118 1200 1201 ingressi
1228 1121 1305 1181 sunt

157 1229 318 1309 speciosi
346 1228 692 1311 euangeliaantium
715 1227 842 1310 pedes,
873 1228 949 1289 tunc
975 1224 1009 1288 in
1036 1224 1117 1288 edito
1140 1222 1304 1286 constituti

155 1331 328 1414 poterimus
359 1332 474 1396 dicere:
508 1331 669 1414 uigilaui
703 1335 740 1396 et
773 1332 896 1395 factus
930 1347 1011 1394 sum
1045 1329 1143 1392 sicut
1171 1344 1304 1409 passer

156 1436 291 1499 unicus
314 1454 425 1519 super
449 1438 597 1499 tectum.
1331 1453 1350 1492 ιι

200 1537 230 1602 9.
254 1539 494 1604 Meminerimus
522 1544 629 1604 tamen
660 1540 753 1604 ctiam
783 1541 815 1603 in
843 1538 977 1603 sublime
999 1536 1139 1620 prouecti
1168 1533 1304 1598 uerbum

157 1643 234 1707 illud
264 1644 393 1724 demini,
427 1649 463 1708 ut
491 1644 554 1727 qui
580 1645 697 1708 fuerit
727 1645 763 1707 in
791 1648 889 1707 tecte
919 1660 990 1706 nen
1020 1641 1236 1705 reuertatur
1267 1639 1304 1701 in

158 1747 305 1811 demum
333 1766 436 1812 suam
459 1749 595 1813 tollere
622 1766 726 1828 uasa,
757 1748 788 1811 id
811 1752 859 1811 est
882 1765 920 1811 nc
943 1748 976 1811 in
1000 1744 1231 1826 nosmetipsos
1255 1762 1305 1806 re·

158 1869 320 1915 curramus
344 1856 376 1916 et
397 1870 491 1936 epora
513 1853 652 1917 carnalia
671 1852 760 1935 quasi
783 1870 860 1916 uasa
881 1852 914 1915 in
937 1849 1136 1915 inferioribus
1154 1849 1306 1912 derelicta

158 1958 347 2038 repetamus.
371 1975 477 2022 neme
494 1958 588 2037 enim,
609 1958 722 2039 inquit,
743 1957 898 2021 mittens
915 1956 959 2019 ad
974 1959 1138 2019 aratrum
1155 1972 1305 2018 manum
1335 1976 1351 2014 n

159 2063 196 2122 et
222 2060 430 2143 respiciens
457 2065 557 2125 relre
585 2065 695 2144 aptus
723 2065 781 2125 est
804 2078 917 2143 regne
941 2060 1010 2123 dei.
1049 2059 1105 2123 sed
1128 2060 1185 2123 etsi
1209 2077 1306 2142 super

159 2167 278 2227 tectum
298 2165 461 2245 fuerimus,
484 2166 586 2230 idest
609 2183 702 2247 super
725 2169 872 2229 naturam
892 2170 1048 2229 terrenam
1072 2164 1305 2229 euelauerimus

160 2286 222 2333 nen
245 2268 482 2350 adquiescentes
506 2269 602 2350 carni,
624 2270 793 2334 timeamus
818 2270 923 2333 auium
948 2268 1089 2350 exemplo
1112 2268 1151 2331 ad
1171 2268 1307 2331 humilia

159 2373 314 2437 deuelarc.
353 2373 505 2454 scriptum
528 2376 576 2437 est
598 2374 693 2453 enim,
721 2374 887 2454 quianon
910 2374 989 2437 sine
1013 2390 1124 2437 causa
1147 2371 1306 2436 tendun-

159 2480 219 2540 tur
242 2476 375 2541 auibus
403 2477 509 2542 retia.
549 2482 581 2541 ct
608 2479 734 2558 scimus,
765 2479 838 2560 quia
865 2479 909 2542 sic
931 2478 1116 2542 insidiantes
1139 2478 1306 2541 uolucrum
1333 2503 1351 2541 e«

159 2581 352 2664 simplicitati
378 2600 513 2664 ancupes
537 2583 625 2646 humi
646 2586 769 2665 ponunt
791 2583 980 2657 tendiculas;
1010 2587 1042 2647 ct
1068 2600 1213 2664 aspersae
1237 2583 1307 2664 ple·

158 2704 290 2766 rumque
314 2704 402 2751 escae
425 2687 476 2750 uel
499 2687 583 2750 caeci
609 2686 718 2751 inlices
741 2687 850 2751 fraude
873 2688 1034 2770 deponunt
1060 2705 1135 2750 aues
1159 2689 1191 2750 et
1213 2705 1307 2768 eper-

158 2789 198 2852 tis
230 2789 335 2856 dolose
364 2791 480 2873 cespite
510 2791 631 2871 laqueis
661 2791 812 2873 inplicant
840 2791 992 2855 credulas.
1031 2791 1086 2855 sed
1116 2809 1173 2855 nes
1208 2792 1307 2857 simili

160 2900 224 2957 arte
254 2911 311 2958 nes
342 2893 581 2959 sollicitantibus
609 2913 665 2977 per
694 2895 840 2960 obtentas
867 2896 976 2960 mundi
1005 2896 1097 2960 huius
1127 2895 1306 2961 inlecebras

265 3110 292 3179 1]
312 3110 366 3178 (rs.
390 3112 447 3175 ιιι,
466 3112 502 3178 5).
556 3110 585 3179 a]
604 3109 672 3179 npn.
684 3112 710 3174 ι,
722 3113 746 3167 s.
760 3114 784 3166 9.
800 3114 839 3167 10.
893 3112 922 3181 a]
941 3112 985 3166 us.
1003 3114 1045 3175 52,
1063 3115 1091 3175 r;
1109 3112 1186 3166 nom.
1202 3115 1244 3175 ιο,
1264 3117 1305 3170 rs.

160 3197 189 3266 o]
208 3197 361 3260 serena.
432 3197 476 3266 12]
495 3196 702 3263 uacuam.
772 3197 992 3266 inuncata.
1065 3199 1109 3268 ιι]
1129 3199 1208 3252 arou.
1225 3202 1248 3262 ι,
1264 3203 1304 3255 ιι.

200 3372 216 3426 2
235 3371 277 3423 est
294 3370 389 3424 unicus
408 3370 493 3426 FPU
542 3370 781 3440 superuelitautem
797 3373 842 3439 βλ,
856 3390 906 3427 om.
920 3374 962 3441 M,
980 3389 1060 3441 super
1076 3371 1245 3428 uoluntatem
1258 3381 1304 3431 cet.

159 3457 274 3526 3quia]
297 3457 344 3525 qui
367 3456 502 3513 FMP'U
569 3458 614 3525 qui
638 3459 788 3514 em.FPU
855 3461 923 3513 let
941 3461 1031 3515 onaL
1101 3462 1187 3513 estet
1205 3461 1252 3528 qui
1273 3491 1304 3500 -

159 3544 250 3597 emnia
272 3543 345 3597 hunc
367 3544 432 3598 edd.
449 3546 480 3598 ie
503 3562 554 3614 erp.
572 3544 621 3598 M¹
698 3548 713 3600 7
732 3545 837 3599 hisdem
856 3548 897 3614 M,
920 3546 1015 3599 iisdem
1033 3546 1119 3603 FPU
1187 3547 1305 3616 8pedes

98 3619 103 3629 '
159 3628 402 3698 euangelizautium
425 3631 462 3684 M
526 3630 614 3685 sedite
635 3633 674 3696 βλ
739 3635 838 3687 ileum
862 3651 912 3688 om.
931 3635 957 3688 U
1024 3633 1158 3686 solitarius
1182 3634 1209 3686 in
1232 3639 1305 3688 tecto

159 3717 254 3770 unicus
266 3715 352 3772 FPU
377 3732 433 3819 hp.
448 3734 468 3771 s.
480 3717 498 3770 i.
512 3719 582 3772 tM
632 3721 663 3774 ll
683 3718 908 3772 memineribust
962 3722 1149 3784 lateremus
1204 3723 1237 3776 13
1257 3738 1305 3775 nos

160 3826 231 3895 ipsos
249 3827 280 3882 F
342 3831 374 3884 14
401 3828 495 3883 relicta
512 3830 543 3884 F
602 3834 634 3886 15
652 3832 764 3884 mittens
783 3847 893 3885 manum
912 3831 946 3884 ad
965 3835 1083 3885 aratrum
1102 3834 1140 3887 Μ
1192 3849 1304 3888 manum

159 3915 314 3983 ΕΜλβνχ,
333 3931 428 3969 monus
447 3922 492 3972 cet.
547 3919 581 3972 20
594 3918 721 3972 simusF
770 3921 802 3974 21
816 3919 952 3988 ancipesr
1004 3922 1037 3974 22
1055 3935 1114 3972 esca
1126 3920 1211 3977 FPU
1260 3921 1305 3976 nel

161 4002 231 4055 oaeci
243 4019 294 4058 em.
305 4002 343 4056 M
385 4001 478 4056 inlices
489 4004 592 4072 βλνῑχ,
606 4004 690 4058 illices
700 4005 811 4062 FLPU
813 4005 891 4074 2²1³,
903 4006 982 4059 illicis
992 4008 1033 4075 M,
1045 4025 1105 4076 cap.
1117 4005 1148 4061 τ’
1195 4007 1277 4061 laude
1289 4027 1305 4063 r

161 4087 188 4138 ot
213 4085 370 4157 plerumque
396 4106 457 4143 esca
483 4090 526 4143 uel
549 4091 619 4144 caeci
642 4091 721 4144 illicis
744 4109 851 4162 aspersa
874 4092 968 4146 iraudc
991 4094 1079 4149 Resw.
1161 4096 1247 4162 operti
1270 4097 1308 4151 Μ

160 4172 196 4227 28
213 4174 361 4245 caespites
424 4175 513 4246 laquei
531 4179 568 4232 M
638 4180 672 4234 24
690 4177 885 4234 solicitantibus
903 4182 941 4245 βλ
1016 4180 1140 4235 obtentus
1157 4183 1203 4246 βλ,
1221 4184 1304 4248 scelti

159 4254 194 4311 ior
211 4274 265 4333 erp.
282 4259 408 4318 obtentae
