3052 4784
569 350 714 418 epistula
732 348 872 411 XXVIIII,
891 366 912 402 c.
925 352 1002 405 8-9.
1295 334 1358 399 255

256 525 287 590 9.
311 527 370 591 His
394 526 503 590 edocta
525 526 720 591 documentis
748 544 811 591 non
833 525 916 590 linui
939 527 1064 591 saeculo
1087 528 1190 610 fragili
1214 531 1247 591 et
1269 545 1358 610 spem

214 634 338 695 tautum
366 631 398 694 in
422 629 479 695 deo
501 648 626 714 ponere,
658 648 752 713 quem
779 630 881 694 solum
909 631 1054 696 amittere
1080 631 1171 696 inniti
1201 649 1264 696 non
1286 646 1359 716 pos-

214 752 335 816 sumus,
365 735 537 799 salutarem
564 734 625 799 sibi
650 734 776 818 filioque
804 736 968 800 scientiam
995 735 1105 816 induit,
1136 740 1171 800 ut
1192 736 1359 819 paruulum

215 857 308 902 snum
342 839 536 924 neglegendo
570 838 713 922 diligeret
749 844 782 904 et
815 839 1000 904 dimittendo
1036 840 1199 921 retineret,
1237 840 1358 905 firmins

175 942 362 1008 thabitura
389 943 562 1024 absentem,
593 962 688 1025 quam
716 944 841 1009 domino
869 944 1131 1026 commendasset,
1163 963 1257 1027 quam
1286 962 1359 1010 con·

215 1048 344 1130 planura
366 1053 574 1131 praesentem,
603 1048 628 1111 si
656 1047 715 1111 sibi
738 1048 928 1113 credidisset.
967 1049 1089 1113 imitata
1112 1052 1161 1113 ast
1183 1049 1359 1114 conditione

215 1169 278 1234 qna
296 1152 399 1234 potuit
414 1151 525 1216 Annae
549 1151 664 1216 sterilis
684 1151 775 1217 fidele
798 1157 921 1227 uotum;
945 1171 1018 1218 nam
1042 1158 1073 1218 et
1095 1153 1189 1218 istam
1208 1154 1360 1219 damnosa

214 1257 389 1321 fecunditas
413 1256 511 1321 sterili
533 1257 705 1339 proximam
728 1258 855 1336 iecerat,
882 1257 1007 1322 attalia
1031 1256 1110 1322 effici
1132 1262 1204 1340 post
1227 1275 1359 1322 euacua·

215 1364 283 1424 tam
310 1361 533 1425 fecunditatem
561 1361 686 1440 timens,
717 1361 817 1443 qualis
844 1362 899 1426 illa
925 1363 1029 1426 iuerat
1057 1366 1131 1427 ante
1158 1363 1360 1446 promeritam

164 1464 451 1544 infecunditatem,
485 1465 645 1529 diuersum
676 1465 733 1529 deo
768 1484 882 1530 munus
917 1466 1013 1530 simili
1044 1467 1200 1531 dedicauit
1233 1465 1357 1532 affectu.

216 1569 276 1633 ista
306 1569 344 1632 de
374 1572 463 1651 parto
492 1569 632 1651 pignora,
667 1569 721 1634 illa
751 1569 789 1633 de
819 1571 1019 1653 concipiendo
1050 1570 1198 1646 sollicita;
1240 1572 1295 1636 illa
1324 1575 1360 1635 ιιι

216 1677 317 1737 mater
339 1691 408 1737 esse
431 1672 590 1756 inciperet,
612 1673 691 1737 haec
714 1693 753 1737 ne
776 1693 845 1738 essa
868 1674 1032 1739 desineret.
1056 1676 1139 1756 quod
1162 1676 1188 1739 si
1210 1675 1278 1740 ideo
1298 1675 1360 1739 dis·

216 1778 320 1842 simile
342 1777 505 1858 indicatur,
536 1778 607 1859 quia
635 1795 697 1842 non
720 1779 813 1842 huius
841 1779 887 1843 ita
913 1783 949 1842 nt
972 1779 1056 1844 illius
1080 1780 1163 1844 lilius
1186 1780 1359 1864 intemplo

216 1882 375 1964 depositus
410 1883 527 1946 seruiat
559 1882 698 1963 domino,
736 1883 790 1965 qui
824 1887 854 1947 et
893 1883 1004 1966 opibus
1039 1885 1155 1949 saeculi
1187 1888 1295 1949 utatm
1329 1888 1361 1948 et

164 2009 190 2048 rs
216 1986 396 2066 honoribus,
427 1991 535 2050 tamen
565 2005 582 2049 e
609 1987 732 2050 diuerso
763 1989 1039 2070 conpensationem
1069 1989 1195 2071 pietatis
1227 1993 1258 2053 et
1287 1987 1360 2053 fidei

216 2091 286 2154 uide
310 2091 488 2173 adaequari,
520 2091 593 2173 quia
615 2092 691 2155 haec
718 2091 801 2155 idem
824 2092 862 2154 de
885 2096 986 2156 semet
1008 2093 1077 2175 ipsa
1098 2094 1283 2174 persoluerit
1306 2093 1360 2158 do-

216 2196 312 2276 mino,
343 2195 426 2278 quod
448 2195 584 2279 gloriosa
607 2193 701 2260 Anna
728 2195 765 2258 de
788 2195 862 2260 lilio.
899 2196 946 2260 illi
973 2197 1058 2260 enim
1085 2197 1211 2261 notiuns
1234 2196 1361 2262 Samuel

217 2299 249 2363 in
283 2300 387 2383 plures
421 2305 530 2382 partus
563 2304 673 2381 postea
708 2304 892 2383 repensatus
932 2304 993 2375 est3
1032 2301 1104 2365 hnic
1140 2301 1249 2365 unicus
1284 2320 1360 2365 suus

217 2420 342 2467 summa
371 2408 534 2486 partuum,
565 2403 636 2467 finis
666 2403 809 2468 luctuum
838 2405 907 2468 init.
948 2405 1033 2468 illam
1066 2406 1214 2470 mandato
1243 2407 1360 2488 primo-

164 2533 191 2573 ιο
217 2508 322 2591 genito
345 2508 377 2571 in
400 2508 535 2572 statione
555 2508 665 2589 templi
688 2512 720 2572 at
742 2509 804 2572 alia
824 2508 907 2573 domi
925 2509 1056 2592 pignora
1079 2514 1111 2573 at
1133 2510 1230 2592 ipsius
1251 2528 1361 2591 quam·

218 2630 312 2694 quam
336 2612 450 2676 sacrati
472 2611 526 2675 lilii
554 2630 615 2677 non
639 2613 810 2697 longinqua
832 2617 939 2677 tamen
966 2613 1111 2678 discretio
1138 2614 1360 2697 sollemnisque

218 2715 257 2779 ad
284 2716 438 2799 templum
465 2716 643 2781 recurrendi
670 2717 807 2782 uisitatio
838 2716 1093 2793 consolabantur3
1127 2719 1199 2799 ista,
1229 2723 1265 2783 ut
1291 2720 1361 2783 uni-

218 2814 290 2883 cuin
313 2837 405 2883 suum
429 2837 448 2884 a
469 2824 594 2903 pectore
618 2838 674 2884 suo
697 2821 828 2885 abscidit
851 2825 882 2885 et
904 2822 936 2884 in
959 2821 1063 2885 sinum
1084 2821 1199 2886 Christi
1221 2822 1360 2904 iactauit,

323 3028 352 3097 7]
370 3027 395 3095 (Ι
414 3027 478 3097 aeg.
494 3032 517 3092 1,
531 3030 581 3096 11).
636 3028 681 3097 13]
701 3029 725 3096 (Ι
743 3030 808 3098 aeg.
821 3031 846 3094 3,
861 3032 893 3098 l).

266 3223 278 3277 l
306 3220 348 3274 his
372 3221 466 3275 edocta
492 3221 543 3289 Oa,
566 3236 593 3274 aa
617 3220 695 3274 docte
717 3220 768 3290 1³¹,
795 3220 841 3274 sed
869 3221 948 3275 docta
975 3229 1020 3278 oet.
1110 3223 1268 3279 docimentia
1294 3224 1359 3281 ΟΡι

218 3307 291 3360 liniri
322 3306 373 3375 Oe,
400 3306 477 3360 finire
504 3307 620 3376 FLPU,
648 3306 730 3360 fidere
759 3309 799 3375 M,
827 3308 906 3361 inniti
933 3311 1002 3364 coai.
1021 3311 1115 3366 Scccb.
1205 3314 1233 3366 ct
1258 3330 1310 3368 cm.
1337 3314 1363 3369 U

219 3396 236 3449 2
259 3408 313 3447 nou
335 3395 458 3448 amittere
480 3394 566 3449 FPU
633 3394 710 3447 inuiti
734 3395 857 3447 amittere
880 3396 918 3450 M
983 3398 998 3449 7
1022 3412 1074 3465 qua
1097 3397 1186 3466 potuit
1208 3398 1360 3452 conditione

219 3479 385 3548 (condicione
405 3481 440 3549 P)
458 3481 544 3537 FPU
592 3480 682 3549 fidele]
700 3479 755 3534 filie
778 3483 804 3538 U
854 3483 1048 3552 8proximam]
1067 3483 1182 3538 similem
1201 3486 1238 3540 M
1287 3485 1360 3540 919-

221 3566 386 3621 canditatem
404 3585 455 3623 om.
474 3568 513 3622 Μ
563 3570 594 3622 10
614 3567 662 3620 deo
684 3568 735 3636 Oc,
754 3566 807 3621 dm
826 3575 872 3624 cet.
927 3569 1013 3623 simile
1032 3569 1073 3624 P¹
1128 3575 1158 3627 ll
1179 3571 1360 3641 concupiendo

223 3654 304 3711 OPU
363 3656 396 3709 12
414 3653 458 3723 ne]
478 3657 509 3707 ut
525 3655 591 3709 LM
649 3657 681 3710 14
700 3655 787 3707 sernia
809 3656 835 3710 U
885 3655 934 3708 deo
953 3657 1038 3713 FPU
1096 3657 1141 3726 qui
1163 3659 1214 3728 Oc,
1233 3659 1296 3727 quia
1313 3665 1359 3715 cet.

222 3744 255 3797 15
273 3741 489 3810 compensatione
503 3742 596 3797 Saccb.
653 3744 685 3797 16
703 3741 765 3795 uide
777 3741 873 3811 LMO,
892 3742 1000 3796 uidetur
1011 3744 1101 3812 FPU,
1120 3744 1211 3798 uideat
1228 3764 1252 3810 v,
1271 3744 1360 3799 uidea-

220 3871 461 3928 tesseradecas.
533 3870 675 3939 adaequari
699 3873 729 3939 Ο,
748 3888 831 3940 aequa
849 3873 926 3939 FP’,
945 3888 1012 3941 equa
1034 3876 1064 3941 U,
1084 3842 1172 3946 adpq}
1193 3877 1234 3944 M,
1258 3875 1361 3947 adequa

220 3957 299 4027 w,
317 3959 425 4027 aequari
444 3978 459 4014 o
477 3965 501 4013 et
520 3959 613 4014 steca.
668 3959 759 4027 quiO
812 3959 856 4029 de]
875 3976 921 4028 per
938 3961 965 4016 U
1017 3963 1048 4016 17
1066 3960 1111 4014 ille
1130 3962 1161 4016 F
1210 3964 1243 4018 18
1261 3962 1314 4016 huc
1337 3964 1365 4020 U

222 4047 254 4101 19
280 4044 328 4099 illa
355 4045 468 4101 FOPU
551 4045 678 4098 mandato
705 4046 755 4114 Oc,
779 4045 906 4100 mandata
928 4054 974 4101 cet.
1065 4050 1097 4103 19
1120 4048 1302 4118 primogenitu
1328 4051 1360 4118 U,

219 4132 400 4203 primogenita
417 4133 481 4187 LM
547 4135 581 4187 22
604 4132 797 4195 recurrendoo
867 4133 1072 4188 consolabantur
1090 4136 1151 4204 Mo,
1175 4136 1361 4192 consolabatur

220 4219 337 4289 FLPU,
365 4217 554 4273 consulabatur
584 4220 607 4271 0
694 4222 729 4274 23
755 4218 871 4273 abscidit
897 4236 945 4273 sno
967 4221 1052 4277 FPU
1136 4222 1209 4293 sinu]
1232 4240 1311 4277 auum
1339 4224 1362 4278 O

221 4306 377 4362 iactabitO
