3036 4770
247 288 311 352 442
500 305 639 376 Operum
659 305 685 360 S.
698 304 830 360 Paulini
849 304 969 360 Nolani
987 305 1132 375 episcopi

247 485 324 544 aliud
346 485 451 544 rnatum
474 485 656 557 nonfacere,
680 485 756 544 allud
777 485 887 560 operari
907 488 1026 544 bonum:
1051 485 1120 544 illud
1140 484 1193 544 tibi
1212 503 1317 544 rursus
1340 504 1391 545 oo·

247 584 343 639 currat
363 598 421 640 non
442 579 572 640 sufficere
587 581 760 652 Christiano,
782 583 807 639 si
827 584 936 656 partein
957 598 1043 639 unum
1064 581 1180 655 impleat
1198 581 1243 640 oui
1264 584 1395 657 utraque

246 677 430 752 praecipitur.

253 769 255 772 ’
291 780 319 833 8.
343 773 442 848 Neque
463 773 539 832 eninr
562 775 695 832 debemus
718 775 753 832 nd
773 772 966 832 multitudinis
989 772 1117 847 exemplo
1138 773 1290 847 respicere,
1314 791 1394 847 quae

246 869 354 928 nullam
374 887 483 929 morum
504 869 684 945 disciplinam
705 887 838 944 sequens,
862 869 973 928 nullum
995 868 1113 928 uiuendi
1132 872 1236 928 tenens
1256 868 1392 931 ordinem
1432 888 1447 928 ι

246 981 305 1024 non
325 968 384 1024 tem
403 966 513 1025 ratione
533 966 646 1025 ducitur
666 984 750 1041 qnam
770 967 890 1040 quodem
915 965 1022 1040 impetu
1044 963 1145 1024 fertur.
1181 982 1233 1024 neo
1251 966 1392 1026 imitandi

246 1060 329 1120 nobis
349 1061 391 1120 illi
411 1064 496 1132 sunt,
519 1061 567 1136 qui
588 1066 641 1121 sub
662 1061 825 1121 Christiano
845 1061 960 1121 nomine
978 1061 1116 1136 gentilem
1135 1061 1224 1120 uitem
1243 1066 1340 1136 agunt
1361 1067 1392 1122 et

245 1156 322 1215 aliud
337 1156 525 1231 professione,
541 1157 618 1216 aliud
631 1157 849 1217 conuersatione
860 1159 1007 1216 testentur
1018 1160 1114 1231 etque,
1129 1160 1163 1215 ut
1173 1157 1321 1231 spostolus
1334 1159 1390 1232 ait,

245 1253 340 1310 deum
360 1252 579 1312 confitentur
595 1271 629 1312 se
650 1270 766 1323 nosse,
787 1252 894 1311 fectis
914 1255 1026 1311 eutem
1045 1255 1184 1327 nogent.
1208 1252 1287 1312 inter
1303 1253 1390 1314 chri-

246 1347 371 1406 stianum
389 1349 464 1408 onim
480 1352 565 1423 utque
581 1349 718 1423 gentilem
734 1366 798 1407 curn
818 1348 888 1409 fides
908 1351 968 1408 turn
989 1350 1072 1409 debet
1091 1347 1176 1408 etiem
1196 1347 1257 1407 uite
1278 1349 1389 1409 distin·
1419 1370 1446 1408 ro

244 1462 331 1518 gnere
354 1447 383 1504 et
406 1445 547 1504 diuersum
574 1446 739 1520 religionem
767 1463 817 1520 per
844 1445 958 1503 diuersa
982 1461 1067 1519 opero
1090 1446 1259 1504 monstrare.
1297 1446 1389 1519 noli,

244 1541 286 1599 uit
300 1542 457 1615 apostolus.
477 1541 592 1616 iugum
613 1543 734 1600 ducere
755 1559 825 1599 cunr
847 1541 1065 1601 infidelibus.
1093 1558 1178 1615 quae
1198 1541 1289 1599 enirn
1309 1560 1390 1617 par-

244 1636 408 1710 ticipatio
433 1637 596 1695 iustitiae
619 1655 690 1695 curn
714 1637 926 1710 iniquitate?
950 1640 1009 1695 eut
1031 1654 1117 1711 quoe
1140 1635 1292 1696 societas
1315 1637 1390 1698 luci

245 1732 282 1790 ad
303 1735 488 1792 tenebras?
512 1750 597 1806 quae
616 1736 727 1791 autern
753 1733 940 1792 conuentio
961 1732 1092 1791 Christi
1113 1734 1152 1792 ed
1171 1731 1305 1792 Belial?
1326 1740 1391 1797 aut

244 1845 330 1902 quae
349 1846 429 1903 pars
448 1828 548 1888 fideli
569 1846 639 1887 curn
662 1828 829 1887 infidele?
849 1829 906 1901 qui
922 1832 1033 1888 autern
1048 1846 1241 1888 consensus
1256 1832 1390 1906 templo
1419 1850 1445 1890 uo

169 1968 171 1972 .
244 1924 296 1982 dei
317 1941 389 1982 cum
408 1924 522 1983 idolis.

289 2027 316 2079 9.
341 2020 384 2078 Sit
404 2037 470 2094 ergo
494 2020 642 2079 internos
663 2023 748 2094 utque
771 2021 835 2080 illos
858 2021 980 2079 murima
1002 2020 1153 2095 separatio.
1185 2019 1390 2097 distinguatur

243 2119 320 2174 certo
336 2116 500 2175 discrimine
515 2134 593 2177 orrm·
604 2118 633 2175 et
648 2116 764 2175 ueritas.
781 2116 824 2176 illi
839 2120 954 2175 terrene
968 2117 1092 2190 sapient,
1109 2116 1158 2191 qui
1170 2116 1307 2176 coelestio
1316 2136 1388 2192 pro·

243 2212 332 2270 misse
348 2229 407 2271 non
423 2212 544 2281 hubent;
560 2212 603 2271 illi
618 2213 699 2271 breui
714 2213 780 2271 huic
796 2230 826 2272 se
842 2213 919 2271 uitue
933 2215 1010 2272 totos
1025 2213 1183 2287 implicent,
1199 2212 1249 2287 qui
1264 2215 1390 2273 aeterna

243 2307 390 2376 nesciunt;
411 2307 454 2366 illi
470 2325 586 2382 peccare
602 2326 660 2367 non
680 2312 821 2380 metuant,
841 2309 891 2383 qui
909 2310 1089 2384 peccatorum
1108 2308 1309 2383 impunitatem
1330 2329 1387 2386 pu·
1415 2337 1442 2375 so

242 2405 321 2473 tant3
339 2404 380 2462 illi
393 2404 523 2463 seruient
534 2405 625 2473 uitiis,
641 2405 761 2478 quinon
777 2407 896 2479 sperant
910 2405 1037 2479 praemia
1050 2403 1148 2464 futuru
1160 2405 1311 2464 uirtutum.
1329 2425 1388 2467 nos

243 2518 319 2570 uero,
341 2500 390 2573 qui
409 2500 565 2576 purissima
584 2501 751 2561 confitemur·
771 2501 825 2560 fide
844 2519 955 2560 omnem
976 2501 1118 2561 hominem
1138 2500 1387 2563 manifestandum

242 2613 305 2655 esso
335 2598 403 2654 unte
429 2596 558 2656 tribunal
585 2597 705 2667 Christi,
736 2599 773 2655 ut
799 2596 948 2669 recipiat
974 2596 1215 2670 unusquisque
1240 2599 1387 2672 propria

242 2692 398 2767 corporis
421 2697 523 2766 prout
549 2693 663 2767 gessit
688 2693 762 2751 siue
787 2695 908 2752 bonum
934 2693 1008 2752 siue
1034 2692 1169 2764 malurn,
1193 2692 1292 2766 procul
1318 2711 1386 2755 esso

346 2871 374 2940 e]
394 2871 445 2925 ru.
461 2874 484 2935 1,
498 2874 537 2927 rc.
594 2871 637 2940 n]
656 2870 685 2924 ιι
704 2870 855 2936 conen.
908 2873 953 2941 ss]
973 2871 1078 2929 nour.
1092 2876 1116 2936 5,
1131 2874 1171 2928 ro.

286 3044 421 3100 lmalum
439 3057 527 3114 ιιιψ
584 3062 689 3099 rursum
707 3057 755 3114 ιιψ
806 3047 963 3115 occurritur
1023 3049 1139 3102 2umsm
1156 3049 1260 3116 partem
1279 3048 1386 3104 iustitie

242 3143 273 3199 ψ,
295 3148 377 3184 unam
399 3131 504 3202 iusticie
525 3136 629 3201 partem
651 3150 722 3202 xpo,
745 3138 849 3202 portem
867 3150 949 3187 unam
967 3134 1085 3188 iustitiae
1103 3152 1136 3201 ιι;
1156 3134 1274 3189 iustitiae
1292 3135 1386 3193 delens·

241 3223 426 3287 utrumquem
494 3218 661 3274 ddebemus
683 3239 734 3277 om.
753 3239 794 3275 ιιυ
865 3220 995 3291 exempla]
1018 3220 1136 3290 exemplu
1159 3221 1233 3275 decet
1254 3240 1275 3276 ιι
1347 3224 1384 3280 ad

242 3305 443 3360 multitudinem
461 3306 601 3360 hominum
620 3307 718 3360 malem
737 3307 867 3377 (exempla
884 3309 988 3377 could
1040 3309 1116 3377 quse]
1137 3308 1224 3378 quio
1286 3310 1385 3364 5nnl-

240 3392 295 3446 lain
313 3409 419 3447 morum
431 3395 527 3461 Romo,
547 3394 648 3448 nullam
660 3394 755 3448 horum
774 3414 844 3465 ugo,
864 3394 939 3449 nulla
950 3396 1045 3449 horum
1058 3413 1078 3450 ιι
1129 3395 1384 3466 nullom-sequens

241 3491 334 3547 oncue
387 3483 461 3534 tenet
479 3492 509 3549 ψ,
528 3485 621 3535 tenens
639 3500 688 3537 out.
708 3501 728 3536 ιι
781 3481 962 3550 tilliano
1015 3486 1079 3536 sunt
1091 3481 1167 3536 nobis
1184 3483 1225 3537 illi
1242 3502 1262 3538 ιι
1314 3501 1384 3553 gen·

240 3565 327 3635 tilem]
347 3567 531 3635 gentiliumu
598 3572 660 3623 tiso
679 3568 839 3622 confitentur
856 3580 904 3638 ιιψ
967 3585 1080 3623 nosces
1146 3573 1178 3626 10
1196 3571 1268 3625 enim
1286 3587 1384 3642 οιιι.ψ

241 3653 331 3722 utque]
351 3658 419 3721 etp
472 3671 532 3708 cum
550 3674 577 3723 r,
597 3660 654 3709 tum
672 3675 721 3725 up,
741 3671 794 3708 non
812 3667 860 3723 ιιψ
912 3660 971 3711 tum
990 3655 1069 3710 debet
1085 3676 1157 3729 syo,
1175 3662 1281 3712 tuntum
1300 3659 1383 3716 debet

239 3739 286 3792 sed
304 3750 351 3807 ιιψ
405 3744 434 3796 11
450 3740 591 3808 noliteeu
646 3744 678 3797 13
690 3742 807 3811 iustitiae
820 3760 904 3797 otuu
958 3745 989 3799 14
1012 3747 1060 3797 aut
1081 3744 1267 3814 quae-Belin
1290 3765 1342 3804 om.
1364 3768 1382 3802 u

242 3829 273 3881 15
291 3822 377 3879 fidelis
396 3845 413 3879 υ
469 3828 570 3882 infideli
589 3840 658 3887 ιιιιψ
719 3834 809 3883 eutem
827 3847 877 3885 om.
896 3848 916 3884 ιι
980 3830 1074 3900 templi
1092 3849 1112 3886 ιι
1178 3832 1269 3888 rodei
1288 3852 1341 3889 om.
1361 3854 1383 3891 ιι

242 3915 273 3967 17
296 3913 330 3966 sit
352 3913 426 3982 ergo]
452 3914 474 3967 si
496 3919 629 3983 autemut
698 3916 779 3985 inter]
803 3916 831 3970 in
854 3935 871 3969 υ
936 3917 995 3986 nos]
1018 3934 1065 3971 uos
1089 3936 1108 3973 ιι
1172 3919 1262 3989 atque]
1286 3924 1314 3975 et
1330 3934 1382 3992 ιιψ

240 3998 415 4068 distinguitur
434 4012 463 4068 ψ,
483 4001 646 4070 disiungitur
663 4004 750 4059 Rosw.
811 4006 842 4060 18
861 4004 969 4073 sapiunt
985 4022 1027 4075 ey
1082 4006 1213 4074 promisse
1230 4007 1383 4077 celestinus

243 4089 274 4140 19
297 4086 352 4140 uite
374 4087 437 4140 huic
460 4101 528 4156 seu
590 4091 708 4142 eternam
727 4101 758 4159 ψ,
777 4094 881 4144 terrena
898 4109 918 4146 ιι
988 4095 1022 4148 20
1040 4092 1174 4163 nesciunt]
1196 4093 1321 4149 nosdnnt
1338 4097 1382 4150 ni-

239 4176 337 4241 turnu
393 4178 518 4228 metuunt
534 4175 568 4245 y¹
632 4178 663 4232 21
688 4178 810 4232 seruiunt
831 4178 866 4247 y²
918 4177 1009 4232 futuru
1030 4179 1149 4248 proemia
1165 4196 1207 4236 co
1260 4184 1295 4239 22
1313 4199 1379 4238 uero

239 4270 333 4328 osup
385 4260 527 4328 purissima
544 4262 687 4331 purissima
704 4282 721 4314 o
775 4267 808 4320 24
827 4265 954 4334 corporis]
974 4265 1015 4319 sui
1032 4266 1096 4322 odd.
1109 4278 1158 4335 ιιψ
