3036 4770
501 301 645 369 epistula
662 301 803 365 XXVIIII,
822 319 843 354 o.
859 304 904 365 14;
922 301 1004 366 XXX,
1024 319 1045 356 o.
1061 304 1136 357 1-3.
1329 286 1393 350 263

254 478 372 541 uiscera
401 476 548 558 caritatis,
580 495 660 558 queo
687 478 802 541 amoris
829 478 896 541 ueri
919 477 1032 542 solatia
1054 478 1092 541 de
1115 478 1260 542 inanibus
1284 479 1393 544 formis

252 582 354 664 petis?
378 582 502 663 qualem
526 582 614 662 cupis
633 585 669 645 ut
689 582 853 646 mittamus
873 581 1045 666 imaginem
1060 582 1139 646 tibi?
1162 583 1277 646 terreni
1292 583 1394 647 homi-

252 688 298 749 nis
327 704 366 749 an
394 686 559 751 caelestis?
598 686 661 749 seio
688 687 762 768 quia
785 690 819 750 tu
846 686 934 750 illam
961 686 1230 769 incorruptibilem
1257 688 1394 770 speciem

253 791 453 872 concupiscis
484 808 578 872 quam
610 791 643 854 in
671 793 701 853 te
728 809 781 853 rer
809 790 953 854 caelestis
980 790 1148 855 adamabit.
1187 792 1394 873 nequeenim

254 895 313 958 alia
339 898 443 977 potest
469 894 526 958 tibi
554 912 573 957 a
600 894 689 958 nobis
717 896 894 959 neccssaria
921 913 1107 977 essequam
1135 895 1192 960 illa
1213 896 1324 975 forma,
1355 896 1394 959 ad

255 1017 346 1080 quam
370 999 436 1080 ipse
458 999 611 1062 formatus
635 1018 679 1079 cS,
711 1016 773 1080 qua
794 999 970 1082 proximum
997 1000 1082 1064 iuxta
1103 1002 1135 1063 te
1158 999 1270 1084 diligas
1293 1000 1394 1064 nullo·

255 1122 311 1184 que
346 1105 377 1167 te
411 1103 500 1168 nobis
535 1103 684 1167 excellere
717 1103 811 1183 uelis,
845 1122 885 1167 nc
919 1104 993 1186 quid
1026 1104 1109 1168 inter
1142 1120 1198 1167 nos
1231 1103 1394 1186 inaequale

255 1207 404 1271 uideatur.
440 1207 494 1270 sed
517 1225 635 1290 pauper
658 1225 714 1290 ego
738 1210 770 1270 et
792 1207 910 1288 dolens,
934 1208 1007 1290 quia
1029 1208 1130 1273 adhue
1152 1211 1294 1272 terrenae
1317 1208 1395 1272 ima·

255 1311 331 1394 ginis
366 1311 510 1393 squalore
544 1314 708 1376 concretus
745 1330 815 1375 sum
854 1315 885 1375 et
917 1313 988 1394 plus
1022 1312 1059 1376 do
1093 1312 1193 1396 primo
1227 1330 1321 1393 quam
1356 1312 1394 1376 de

255 1416 388 1480 secundo
422 1414 525 1480 Adam
560 1416 680 1480 carneis
715 1414 859 1479 sensibus
897 1420 929 1480 et
962 1418 1093 1480 terrenis
1127 1416 1249 1480 actibus
1283 1417 1393 1498 refero,

254 1520 405 1601 quomodo
428 1520 486 1584 tibi
509 1519 628 1584 audebo
651 1539 702 1583 me
724 1520 862 1603 pingere,
894 1538 965 1583 cum
988 1521 1131 1585 caelestis
1154 1521 1323 1604 imaginem
1347 1521 1394 1584 in-

254 1624 345 1689 fitiari
359 1623 472 1706 prober
491 1625 687 1707 corruptione
703 1627 848 1688 terrena?
867 1624 1024 1706 utrimque
1044 1644 1095 1688 me
1111 1625 1267 1689 concludit
1280 1626 1393 1707 pudor:

255 1728 401 1793 erubesco
421 1728 548 1812 pingere
568 1729 650 1811 quod
672 1746 754 1808 sum,
777 1746 840 1793 non
859 1728 957 1793 audeo
977 1729 1106 1812 pingere
1126 1729 1207 1810 quod
1227 1746 1289 1793 non
1308 1748 1393 1804 sum3

255 1834 304 1896 odi
327 1834 407 1915 quod
434 1852 505 1897 sum
533 1837 564 1898 et
591 1851 653 1896 non
681 1850 752 1897 sum
776 1833 857 1915 quod
885 1849 965 1897 amo.
1004 1833 1059 1897 sed
1082 1833 1155 1915 quid
1180 1832 1258 1896 mihi
1281 1833 1393 1897 misero

194 1981 206 1992 -
254 1937 390 2021 proderit
415 1937 518 2002 odisse
544 1937 741 2019 iniquitatem
769 1941 800 2002 et
822 1955 927 2001 amare
951 1936 1113 2018 uirtutem,
1143 1955 1215 2001 cum
1236 1937 1268 2000 id
1290 1937 1394 2020 potius

255 2060 346 2125 agam
381 2042 460 2124 quod
494 2042 544 2105 odi
578 2060 636 2104 nec
670 2041 828 2105 elaborem
862 2041 951 2125 piger
984 2042 1015 2105 id
1048 2041 1151 2124 potius
1185 2060 1277 2124 agere
1311 2040 1394 2123 quod

254 2148 346 2210 amo?
383 2147 448 2229 ipse
476 2145 593 2209 discors
621 2145 684 2209 mei
709 2145 856 2209 intestino
884 2144 966 2209 bello
990 2145 1155 2225 distrahor,
1186 2146 1261 2208 dum
1288 2145 1394 2227 spiri·

255 2254 312 2314 tus
337 2250 517 2314 aduersus
544 2268 693 2314 carnem
721 2253 756 2314 et
780 2267 863 2313 caro
887 2250 1068 2314 aduersus
1091 2250 1266 2332 spiritum
1290 2248 1394 2313 dimi·

254 2358 327 2435 cat,
358 2358 390 2418 et
411 2354 460 2418 lex
483 2355 619 2436 corporis
642 2355 711 2437 lege
734 2354 854 2436 peccati
876 2355 980 2438 legem
1008 2353 1122 2418 ment-is
1145 2354 1308 2436 inpugnat.
1347 2353 1395 2416 in·

174 2474 228 2521 πο
253 2459 327 2522 ielix
355 2476 422 2542 ego,
450 2460 502 2540 qui
524 2462 716 2523 uenenatum
739 2458 884 2522 inimicae
912 2458 1029 2522 arboris
1056 2461 1185 2541 gustum
1212 2474 1269 2521 nee
1296 2457 1395 2520 erneis

253 2564 338 2646 ligno
362 2564 490 2646 digessi!
514 2563 606 2627 durat
628 2564 712 2626 enim
735 2563 813 2626 mihi
835 2562 912 2627 illud
933 2562 972 2627 ab
989 2562 1092 2627 Adam
1112 2563 1199 2625 unns
1217 2562 1395 2643 paternum,

254 2685 314 2749 quo
344 2668 581 2731 uniuersitatem
609 2667 732 2750 generis
760 2667 810 2730 sui
836 2669 926 2751 pater
952 2667 1185 2748 praeuaricatus
1212 2665 1329 2745 infecit,
1359 2668 1395 2729 ut

255 2772 307 2854 qui
329 2772 464 2836 naturali
487 2771 568 2836 bono
591 2771 697 2836 oculos
721 2772 836 2835 mentis
863 2774 985 2853 apertos
1007 2770 1204 2834 innocentiae
1227 2773 1259 2833 ct
1281 2769 1395 2850 iniqui·

255 2876 312 2940 tati
335 2875 458 2941 clausos
479 2875 645 2957 habebam,
668 2875 797 2939 letalem
816 2875 1015 2958 prudentiam
1039 2874 1112 2938 boni
1135 2874 1271 2955 malique
1293 2871 1396 2958 (mali)

187 2998 227 3044 2⁵
255 2980 377 3045 delectu
401 2981 438 3044 dc
460 2980 597 3045 infausto
620 2980 757 3044 nemoris
780 2980 937 3044 interdicti
959 2978 1028 3043 cibo
1051 2981 1194 3043 caecatus
1221 2979 1337 3061 pariter
1364 2982 1395 3042 ct

255 3086 336 3149 male
358 3085 531 3149 luminatus
554 3085 722 3149 haurirem.

297 3187 327 3252 3.
351 3189 456 3271 Atque
483 3190 603 3252 utinam
625 3188 684 3253 hoc
711 3188 823 3252 saltem
850 3187 988 3252 remedio
1015 3187 1133 3251 crimen
1159 3187 1296 3251 inlicitae
1320 3204 1395 3250 con·

255 3293 466 3376 cupiscentiac
489 3293 661 3373 diluissem,
692 3296 728 3356 ut
755 3295 884 3374 accepta
904 3310 961 3375 per
982 3295 1111 3376 gustum
1134 3294 1298 3356 nocentem
1321 3289 1395 3354 boni

357 3464 386 3534 2]
406 3464 430 3532 (1
448 3464 507 3520 cor.
523 3467 564 3533 15,
576 3465 629 3532 42).
684 3464 712 3533 a]
732 3464 907 3533 (casamo).
972 3462 1017 3532 rr]
1036 3462 1095 3519 oar.
1109 3466 1133 3528 5,
1148 3466 1187 3519 17.
1243 3463 1287 3532 ro]
1306 3462 1393 3530 (Rom.

256 3555 280 3616 2,
295 3551 344 3620 13).
398 3552 443 3621 22]
463 3551 539 3620 (oen.
553 3554 577 3616 3,
592 3553 626 3620 o).
690 3552 735 3621 aa]
755 3551 832 3620 (oen.
845 3554 869 3616 2,
882 3552 917 3620 o).

299 3701 430 3756 lsolacia
447 3702 474 3755 P
525 3701 632 3755 ⁴lenim
651 3702 801 3757 oroFPU
850 3699 940 3768 dipsa
958 3717 1010 3756 om.
1034 3700 1061 3755 U
1127 3697 1190 3767 qua]
1214 3713 1293 3766 quam
1319 3696 1393 3764 01³¹,

255 3804 300 3858 per
318 3803 398 3856 qnam
418 3787 519 3843 FP'U
586 3788 666 3856 8qui
686 3788 723 3842 M
789 3787 1017 3855 9concoptusU
1089 3800 1169 3854 quam
1187 3783 1285 3840 om.O
1354 3800 1394 3837 se·

255 3876 340 3929 condo
364 3891 444 3943 quam
467 3874 499 3928 de
521 3874 609 3943 primo
633 3876 719 3931 FPU
787 3877 816 3930 ll
842 3872 975 3941 caelestis]
997 3871 1114 3926 hominis
1137 3871 1285 3926 additis.
1300 3872 1395 3925 l.m.2

256 3966 286 4018 17
306 3962 408 4032 ipseo
470 3961 605 4018 discorU
665 3964 697 4018 18
716 3960 859 4014 aduersum
880 3958 1050 4029 spiritumO
1110 3959 1144 4013 20
1162 3957 1222 4026 uec]
1242 3972 1295 4010 non
1313 3958 1398 4015 FPU

255 4078 287 4131 24
305 4041 426 4129 maliq'dl
440 4083 468 4142 (Ψ
483 4093 516 4129 m.
528 4074 557 4141 2)
611 4074 674 4128 mali
692 4075 801 4142 addidi,
819 4092 871 4129 om.
891 4092 912 4124 ω
965 4074 999 4128 25
1017 4069 1122 4126 delectu
1140 4089 1164 4139 v,
1182 4069 1282 4123 dilectu
1299 4069 1330 4138 0,
1349 4069 1394 4124 dc·

255 4161 353 4215 lectum
380 4169 425 4217 aet.
495 4161 632 4215 interdicti
660 4162 775 4215 nemoris
802 4163 840 4216 M
905 4158 1048 4214 interdicto
1075 4158 1117 4212 L¹
1188 4160 1221 4212 27
1249 4156 1340 4212 saltim
1366 4158 1393 4212 L

255 4248 342 4303 lteitae
361 4249 446 4305 FPU
496 4250 529 4303 28
548 4246 736 4304 doluissent)
788 4246 1003 4302 innocentemO
1055 4244 1118 4299 boui
1136 4243 1252 4314 malique
1269 4245 1334 4301 LM
