3036 4770
237 304 300 368 342
570 324 596 378 S.
610 324 741 378 Paulini
760 322 878 378 Nolani
897 325 1043 393 episcopi

235 517 313 579 sem,
344 503 506 580 tamquam
536 501 695 581 persoluto
726 499 821 563 officii
851 500 955 564 debito
986 501 1100 564 iterum
1131 520 1181 565 me
1212 500 1384 564 diuturnae

234 603 441 667 taciturnitati
464 603 649 668 refuderam.
674 604 728 668 sed
753 604 854 668 acrius
875 605 1025 688 uigilanto
1042 604 1167 669 Christo
1187 604 1269 686 apud
1289 623 1384 668 men-

234 710 299 772 tem
322 711 410 771 tuam
434 709 516 790 prior
542 708 708 772 refloruisti
736 726 844 791 sapere
873 709 912 773 ad
935 709 1133 773 excitandam
1154 709 1187 774 in
1210 709 1299 773 nobis
1323 709 1384 773 cb-

235 812 426 876 seruantiam
453 813 604 891 caritatis,
635 832 674 877 nc
702 812 892 878 obdormiret
918 813 951 878 iu
978 818 1112 878 mortem
1140 813 1314 892 obliciacis,
1347 818 1384 878 et

235 917 308 998 quia
332 915 548 981 abundauerat
570 916 630 980 tibi
657 918 869 982 inhumanitas
898 936 977 998 mea,
1008 918 1275 1001 superabundauit
1298 918 1383 981 mihi
1427 947 1440 985 a

234 1020 414 1084 humanitas
442 1026 504 1084 tua
544 1021 759 1103 multiplicasti
791 1023 874 1085 euim
900 1024 1091 1104 locupletare
1123 1042 1174 1086 me
1204 1021 1318 1086 affectu
1348 1027 1384 1085 et

234 1125 337 1190 officio
357 1125 534 1190 dilectionis
553 1129 636 1206 tuae,
660 1144 720 1208 quo
741 1126 942 1191 benedictum
962 1127 1079 1191 domini
1099 1145 1231 1209 puerum
1246 1126 1382 1190 fratrem

234 1228 416 1293 Amandum
440 1230 627 1294 uisitaticuis
652 1235 777 1295 nostrae
797 1231 916 1295 socium
937 1231 1142 1312 adsumpsisti
1158 1231 1216 1295 tibi
1236 1234 1267 1294 et
1286 1229 1382 1294 nobis

235 1334 373 1397 ualidum
390 1334 560 1417 adposuisti
574 1338 752 1416 patronum.
778 1335 963 1399 confidimus
980 1335 1074 1415 enim,
1096 1335 1179 1416 quia,
1199 1335 1281 1398 sicut
1300 1334 1383 1398 scri·

235 1437 330 1501 bendi
360 1437 398 1501 ad
428 1456 491 1502 uos.
511 1440 667 1522 particeps
695 1438 753 1503 tibi
780 1440 882 1504 lactus
910 1444 967 1519 est,
999 1440 1044 1504 ita
1070 1440 1167 1504 etiam
1191 1439 1300 1503 orandi
1320 1457 1382 1520 pro
1413 1467 1439 1505 ιο

235 1541 325 1605 uobis
348 1542 468 1626 collega
490 1543 542 1607 sit.
570 1543 750 1625 etquidem
772 1544 965 1626 germanitas
989 1543 1139 1627 spiritalis
1162 1544 1205 1607 ita
1226 1542 1383 1623 postulat,

234 1648 271 1709 ut
292 1646 375 1709 sicut
397 1647 523 1728 spiritus
547 1646 636 1711 uobis
659 1666 739 1711 unus
762 1649 795 1712 in
818 1646 878 1711 fide
910 1652 941 1712 et
964 1648 1158 1712 consessione
1180 1647 1296 1714 christi
1320 1651 1382 1728 est,

233 1750 278 1814 ita
300 1750 342 1814 sit
364 1768 450 1816 amor
474 1755 505 1814 et
526 1750 614 1815 labor
638 1770 718 1816 uuus
741 1753 774 1815 iu
797 1753 944 1835 proximis
969 1752 1158 1817 adaerandis.
1187 1751 1268 1815 uude
1292 1768 1384 1815 com-

235 1873 364 1919 munem
387 1855 513 1938 largiter
540 1873 560 1919 a
586 1873 709 1921 summo
732 1856 919 1921 retributore
942 1856 1120 1921 mercedem
1143 1856 1269 1920 metetis
1293 1856 1383 1922 exal·

234 1959 292 2024 tati
315 1959 347 2023 in
370 1959 507 2024 turribus
535 1961 612 2041 eius,
643 1962 716 2043 quia
743 1963 861 2026 trater
888 1962 1042 2025 fratrem
1070 1961 1252 2024 adiuuans
1280 1960 1383 2024 exal·
1412 1985 1438 2026 ιε

234 2063 391 2144 tabitur‚
426 2065 453 2128 si
487 2068 594 2129 tamen
628 2085 752 2149 semper
786 2085 874 2131 orare
908 2071 1032 2131 tautum
1067 2070 1098 2130 et
1130 2065 1287 2146 suspirare
1321 2084 1382 2147 pro

235 2169 324 2234 nobis
359 2169 565 2233 memineritis
597 2174 628 2234 et
658 2171 695 2234 de
726 2174 828 2236 cetero
859 2171 996 2235 causatis
1026 2187 1154 2234 onerare
1184 2187 1241 2233 nos
1271 2167 1381 2233 uerbis

233 2272 495 2352 beatificantibus,
524 2293 564 2338 ne
597 2280 628 2339 ct
657 2275 746 2339 nobis
777 2275 908 2340 forsitan
940 2275 1160 2339 offendiculum
1191 2274 1381 2354 conparatis²

234 2377 260 2441 si
284 2377 392 2441 dicatis
416 2376 504 2441 dulce
528 2377 610 2460 quod
632 2396 774 2443 amarum
798 2383 854 2445 est.
879 2379 999 2462 legistis
1022 2377 1138 2443 etenim
1159 2378 1232 2459 quia
1253 2380 1382 2442 rectos

235 2485 267 2546 et
299 2500 373 2544 uere
407 2485 532 2545 sanctos
571 2482 677 2547 decet
709 2482 964 2563 conlaudatio,
999 2500 1062 2546 uon
1095 2499 1169 2546 uero
1197 2485 1382 2562 peccatores
1409 2508 1436 2547 20

232 2587 265 2650 iu
287 2586 361 2650 felle
384 2586 600 2650 amaritudinis
620 2588 738 2671 positos
762 2591 793 2651 et
815 2587 916 2651 adhuc
938 2605 999 2650 uon
1020 2591 1086 2650 tam
1106 2585 1193 2651 tenui
1215 2603 1296 2649 nexu
1318 2585 1382 2650 iui-

233 2691 361 2772 qnitatis
385 2690 560 2771 adstrictos,
583 2694 618 2755 ut
639 2691 782 2755 contritio
806 2695 838 2756 et
860 2691 1026 2756 infelicitas
1050 2691 1082 2754 in
1105 2690 1164 2753 uiis
1186 2689 1302 2753 nostris
1322 2689 1382 2754 ad-

234 2813 303 2859 esse
326 2811 388 2859 non
411 2795 520 2876 possit.

276 2898 306 2961 4.
331 2898 558 2963 Verumtamen
588 2899 634 2962 sic
664 2917 785 2982 quoqne
816 2899 974 2964 mentibus
1004 2898 1120 2962 nostris
1151 2896 1244 2961 debet
1272 2896 1381 2961 inesse

234 3003 387 3082 contritio,
422 3003 496 3085 quia
529 3021 590 3067 cor
625 3003 920 3069 contribulatum
950 3007 986 3067 et
1015 3002 1254 3067 humiliatum
1285 3000 1380 3065 deus
1408 3029 1435 3067 aa

233 3124 305 3172 uon
336 3108 488 3190 spernit.
528 3108 651 3189 etquis
678 3107 768 3172 nobis
792 3106 877 3172 dabit
904 3126 956 3172 cor
983 3125 1141 3187 carneum,
1172 3109 1208 3170 ut
1235 3105 1382 3170 emollita

340 3298 592 3368 mmmm
670 3295 1377 3369 mmmcmmrammwm

112 3353 116 3361 ’
234 3385 457 3454 mmmm
511 3385 730 3454 mmmm
787 3385 1074 3454 mmmmm

277 3552 501 3607 3exercitandam
514 3552 636 3616 FPucr
689 3551 897 3620 eumdumius,
910 3551 1031 3605 ualidum
1044 3551 1138 3606 salutis
1151 3556 1195 3607 cst.
1252 3549 1378 3618 1113131-

233 3638 315 3695 tualis
333 3640 371 3694 M
434 3643 464 3694 12
484 3638 560 3691 uobis
579 3639 690 3708 spiritus
708 3641 746 3704 βλ
818 3641 850 3694 13
868 3639 1031 3692 sustinendis
1049 3639 1089 3703 (el
1107 3636 1254 3692 asserendis
1272 3638 1305 3691 ia
1322 3655 1377 3707 cip.

234 3726 309 3794 312)
327 3728 364 3781 M
433 3729 465 3782 14
483 3725 594 3794 largiter
613 3743 663 3781 cm.
677 3727 766 3789 FPU,
785 3732 850 3795 post
868 3725 1018 3779 mercedem
1036 3728 1093 3781 aab.
1113 3726 1150 3780 M
1217 3726 1249 3780 16
1267 3726 1378 3778 tautum

234 3832 284 3870 ora.
308 3812 431 3868 (liuciae.
487 3817 520 3869 18
539 3814 576 3882 31]
596 3816 675 3871 utU
726 3813 848 3868 forsitam
866 3819 903 3879 βν
956 3814 1173 3882 comparaturi]
1227 3814 1259 3867 19
1278 3815 1326 3865 eni
1342 3813 1383 3867 M

233 3903 267 3956 20
286 3916 339 3953 nou
358 3901 420 3967 Μχ,
446 3907 568 3967 noscet,
591 3916 646 3953 nou
664 3917 711 3954 uos
729 3903 792 3969 sert.
864 3917 927 3954 uero
949 3918 1001 3956 om.
1019 3901 1057 3954 Μ
1123 3902 1155 3955 21
1178 3899 1278 3968 positos
1296 3901 1326 3952 et
1342 3918 1378 3954 es

232 3988 318 4055 posito
336 4006 352 4041 r
369 4007 402 4042 m.
415 3992 441 4055 2,
460 3987 540 4055 positi
552 3977 638 4043 FPU
687 3989 794 4057 etLM,
813 3987 859 4041 sed
878 3995 934 4056 cet,
952 3987 998 4041 sed
1017 3987 1143 4043 etRcsw.
1197 3989 1230 4043 22
1248 3986 1377 4041 astrictam

232 4074 391 4141 FLPUar,
415 4074 557 4128 obstrictos
579 4075 617 4130 M
684 4074 787 4144 adesse]
811 4074 900 4128 deesse
920 4076 957 4129 M
1023 4076 1057 4130 23
1076 4075 1141 4145 nou]
1160 4074 1214 4128 iam
1232 4073 1375 4159 MRosw.

231 4186 335 4254 possint
352 4187 437 4243 FPU
503 4189 538 4242 24
556 4187 594 4241 sic
612 4203 717 4255 quoque
736 4205 787 4244 om.
806 4188 891 4245 FPU
958 4189 996 4242 sic
1021 4187 1100 4242 debet
1122 4187 1205 4243 FPU
1261 4169 1329 4241 ¹esse
1348 4191 1379 4244 P

232 4274 266 4326 25
285 4273 430 4326 contritum
442 4273 527 4330 FPU
576 4274 742 4343 adaperuit]
763 4272 988 4344 despicietFPU
1039 4274 1114 4329 dabit
1131 4273 1208 4328 nobis
1226 4273 1313 4330 FPU
