3036 4770
242 314 307 379 324
576 332 602 388 S.
616 332 749 387 Paulini
768 332 887 387 Nolani
905 332 1051 403 episcopi

240 513 312 573 actu
339 513 371 573 et
398 527 490 593 opere
513 509 704 590 desinamus,
735 510 780 574 ita
806 512 842 574 ut
865 511 896 574 in
920 510 1031 591 spiritu
1053 510 1241 574 humilitatis
1264 513 1385 574 terram

240 632 308 678 esse
332 630 387 677 nos
413 614 647 685 meminerimus
671 618 702 678 et
725 633 793 678 esse
814 614 969 678 fateamur
989 614 1124 694 dominc,
1147 618 1182 678 ut
1199 634 1255 697 per
1276 615 1384 696 ipsum

239 718 321 800 quod
344 718 544 782 damnatione
566 718 687 801 peccati
711 737 819 783 snmus
843 719 880 782 de
905 718 1154 782 reconciliatione
1177 719 1294 802 gratiae
1318 737 1385 782 non

240 841 308 886 esse
332 840 517 886 mereamur.
555 822 686 887 beatus
711 842 763 904 ea,
792 824 897 903 frater,
929 826 965 886 et
987 821 1079 887 bene
1103 824 1172 888 tihi
1196 823 1279 903 erit,
1307 823 1386 904 qnia

240 944 301 990 non
331 945 422 990 earne
454 930 484 991 et
514 927 666 1010 sanguine
695 927 748 991 sed
777 928 885 1008 spiritu
918 927 1063 991 caelestis
1091 928 1191 1011 patris
1219 928 1384 991 reuelante
1428 955 1441 992 ⁵

239 1031 383 1111 didicisti,
414 1032 495 1112 quod
526 1036 557 1095 te
588 1032 772 1096 inconcussa
799 1032 859 1094 tide
887 1036 991 1095 tenere
1023 1035 1055 1094 et
1081 1030 1180 1094 libera
1209 1050 1283 1095 uoce
1309 1050 1385 1114 pro-

239 1134 319 1199 fiteri
343 1136 541 1200 sanctissimo
571 1137 610 1200 ad
637 1155 687 1199 me
710 1136 862 1219 epistulae
885 1139 957 1200 tuae
980 1134 1042 1199 fine
1065 1135 1198 1199 firmasti
1222 1134 1384 1199 Christum

239 1242 345 1305 lesum
367 1240 546 1306 crucifixum
570 1241 620 1304 dei
639 1241 738 1305 filium
759 1242 862 1321 deum,
886 1242 935 1305 cui
956 1239 1053 1304 flectit
1072 1257 1163 1303 omne
1182 1259 1264 1324 genu
1284 1244 1385 1304 terre-

239 1346 352 1410 strium
375 1345 557 1409 caelestium
581 1348 611 1408 et
633 1345 827 1408 infernorum
850 1349 881 1408 et
902 1363 994 1426 quem
1017 1343 1055 1407 ad
1075 1344 1234 1408 dexteram
1253 1344 1384 1409 uirtutis

240 1453 271 1513 et
298 1450 449 1533 ingloria
476 1468 544 1513 esse
568 1449 616 1512 dei
640 1450 738 1531 patris
766 1449 866 1511 omnis
890 1448 999 1532 lingua
1026 1448 1200 1512 confitetur.
1239 1449 1322 1513 hunc
1346 1453 1385 1514 tu
1414 1477 1441 1514 lo

240 1553 399 1617 dominum
428 1558 459 1617 et
487 1554 579 1616 deum
608 1556 761 1632 nostrum,
792 1554 864 1634 qnia
894 1570 965 1616 non
994 1551 1256 1616 aestimabitur
1282 1553 1384 1616 alius

239 1658 283 1721 ad
314 1676 408 1737 eum,
440 1662 504 1722 toto
533 1675 664 1721 arcanae
691 1656 816 1740 pietatis
849 1656 997 1738 mysterio
1028 1656 1189 1740 amplexus
1218 1656 1384 1721 dominum

239 1765 272 1825 et
294 1761 388 1825 deum
412 1762 459 1824 dei
482 1760 581 1825 tilium
606 1765 677 1825 ante
701 1760 834 1840 saecula,
866 1760 1005 1824 factum
1034 1779 1074 1823 er
1097 1760 1238 1825 semine
1261 1759 1385 1824 Dauid

238 1866 270 1929 in
296 1866 354 1930 hoc
382 1866 505 1929 saeculo
533 1869 564 1929 et
591 1884 673 1929 nnnc
701 1885 736 1928 er
758 1865 984 1929 resurrectione
1009 1868 1200 1930 mortuorum
1228 1864 1260 1927 in
1290 1882 1385 1947 spem

239 1970 434 2033 aeternitatis
461 1971 617 2034 hnmanae
648 1970 808 2033 uiuentem
838 1970 870 2032 in
897 1969 1032 2049 saecula,
1064 1973 1098 2033 ut
1125 1971 1182 2048 est,
1212 1967 1311 2032 credis
1339 1971 1384 2048 et,
1414 1995 1440 2034 rs

240 2078 275 2137 ut
304 2073 414 2154 credis,
449 2074 621 2156 praedicam
656 2077 687 2137 et
717 2074 826 2137 rudem
858 2092 926 2137 esse
958 2077 988 2136 te
1020 2077 1112 2154 atque
1140 2073 1293 2136 infantem
1323 2070 1385 2136 deo

239 2177 343 2242 dices?
381 2197 453 2242 uere
476 2179 601 2260 quidem
629 2198 665 2242 ex
692 2181 781 2261 parte
808 2179 899 2242 credo
921 2177 1089 2259 paruulum
1117 2194 1185 2240 esse
1208 2180 1240 2240 te
1262 2175 1384 2240 iactum

239 2281 293 2345 scd
323 2282 453 2362 malitia,
487 2301 582 2346 sensu
617 2285 722 2346 autem
754 2288 785 2347 te
817 2302 884 2346 esse
915 2282 1090 2364 perfectum
1119 2281 1157 2344 de
1187 2279 1385 2364 professione

238 2384 311 2450 fidei
334 2389 405 2451 tuae
428 2386 523 2466 diseo,
554 2387 629 2468 quia
650 2388 790 2451 ueritatis
815 2386 942 2470 agnitio,
973 2404 1067 2468 quam
1094 2384 1326 2468 adprehendisti
1349 2385 1385 2450 in

239 2508 381 2554 sermone
405 2489 557 2570 breuiato,
588 2490 759 2572 sapientiae
781 2490 941 2572 plenitudo
966 2493 1022 2568 est,
1046 2491 1077 2552 et
1099 2489 1167 2554 ideo
1190 2489 1256 2573 ipse
1279 2490 1386 2571 magi·
1413 2516 1441 2554 eo

238 2598 303 2658 ster
329 2597 481 2678 gentium,
513 2613 568 2659 uas
601 2595 758 2658 electionis
786 2597 819 2658 et
846 2613 903 2659 nas
931 2595 990 2673 dei,
1020 2593 1073 2674 qui
1103 2592 1136 2658 in
1163 2611 1196 2657 se
1219 2592 1385 2657 Christum

237 2698 321 2779 loqui
349 2702 380 2763 et
407 2718 440 2763 se
468 2699 613 2781 spiritum
637 2699 686 2763 dei
709 2699 824 2763 habere
847 2696 1019 2781 profitetur,
1051 2714 1121 2761 non
1149 2698 1186 2762 in
1213 2695 1386 2761 sublimi-

237 2805 313 2866 tate
342 2803 524 2866 sermonis
552 2822 651 2885 neque
675 2805 706 2866 in
730 2803 808 2887 legis
832 2802 962 2866 scientia
983 2802 1144 2885 gloriatur,
1175 2800 1230 2865 sed
1253 2818 1384 2865 omnem

237 2906 379 2989 gloriam,
410 2924 472 2988 qna
503 2908 553 2971 uel
581 2907 765 2971 Iudaeorum
798 2907 848 2970 uel
875 2906 1130 2990 philosophorum
1158 2905 1312 2987 sapientia
1333 2904 1385 2969 in-

237 3009 338 3090 flatur,
370 3010 522 3075 abiecisse
551 3031 583 3074 se
615 3015 646 3074 et
676 3011 860 3075 aestimasse
887 3014 923 3073 ut
951 3013 1088 3074 stercora
1112 3010 1314 3093 protestatur,
1345 3012 1386 3073 nt
1413 3037 1439 3075 ss

238 3113 397 3179 Christum
420 3116 593 3180 lucrifaciat
620 3119 651 3179 et
678 3116 759 3179 illius
788 3114 935 3178 scientiae
959 3115 1073 3178 damno
1096 3112 1188 3177 huius
1215 3111 1384 3195 inperitiae

237 3219 359 3283 luorum
389 3224 609 3302 consequatur,
641 3224 676 3283 ut
705 3219 800 3283 dicat:
837 3237 894 3302 ego
925 3222 1031 3282 autem
1062 3217 1157 3282 nihil
1189 3216 1276 3280 noui
1306 3217 1384 3281 nisi

340 3411 369 3480 4]
389 3411 431 3464 Pa.
448 3412 541 3472 12'l‚2.
597 3409 625 3478 5]
644 3409 750 3478 (uatus.
766 3411 805 3472 16,
821 3408 871 3476 17).
925 3407 954 3476 8]
973 3406 1053 3476 (Phil.
1067 3408 1153 3475 210).
1209 3405 1252 3476 ll]
1271 3404 1383 3461 Baruch

238 3501 263 3562 3,
276 3500 316 3553 36.
373 3497 417 3566 13]
436 3497 512 3550 Rom.
528 3499 550 3560 1,
564 3499 588 3551 3.
644 3496 688 3565 ll]
707 3495 732 3563 (I
750 3494 810 3549 Cor.
826 3499 865 3559 15,
879 3495 931 3563 20).
992 3493 1095 3563 201(ss
1113 3493 1276 3560 Cor.13‚8).
1331 3494 1381 3563 22]

237 3583 262 3654 (I
281 3583 339 3639 (lor.
353 3587 377 3648 7,
389 3586 442 3653 40).
496 3582 625 3646 lOcr.2‚
641 3587 662 3639 1.
717 3582 764 3651 25]
784 3581 862 3652 (Phil.
877 3584 902 3645 3,
915 3581 949 3649 8).
1015 3580 1062 3649 27]
1081 3578 1094 3634 1
1113 3579 1172 3634 Cor.
1185 3582 1210 3644 2,
1223 3581 1248 3634 2.

281 3758 414 3828 litant]
434 3758 573 3826 itaqueM
620 3760 703 3812 2non
720 3759 747 3812 U
796 3755 858 3811 3de
871 3755 1042 3809 damnatione
1055 3756 1123 3810 coni.
1139 3754 1233 3810 aanor.
1288 3755 1382 3822 ltpro-

239 3844 322 3899 literis
341 3846 425 3901 FPU
491 3843 691 3902 aerucidssum
716 3846 743 3900 U
810 3842 894 3896 flectit
915 3842 1000 3910 OPU,
1023 3841 1140 3895 flectitur
1158 3841 1253 3908 FLM,
1271 3838 1344 3893 flecti
1364 3859 1382 3896 c

237 3930 374 3986 celestium
397 3931 563 3985 terrestrium
587 3930 705 3986 FMPU
772 3929 932 3985 9dextram
956 3928 986 3982 F
1055 3931 1084 3984 ll
1105 3925 1277 3980 estimabitur
1296 3926 1386 3982 FPU

238 4022 270 4075 12
288 4018 322 4072 ad
342 4018 420 4072 datam
444 4020 470 4074 U
524 4020 581 4071 tota
599 4016 710 4072 FOPU
761 4020 792 4072 15
812 4015 950 4070 aeternitis
968 4015 1010 4068 L¹
1064 4013 1149 4067 credis
1168 4016 1194 4066 et
1211 4013 1303 4080 LMa,
1322 4029 1381 4065 cre-

237 4105 349 4159 didisses
366 4112 412 4161 cet.
478 4107 509 4161 17
531 4104 596 4157 dicis
614 4105 679 4158 ΕΜ
728 4107 754 4156 te
773 4119 829 4156 esse
848 4103 878 4157 F
934 4104 1062 4168 19q11em
1086 4101 1113 4156 U
1162 4097 1379 4168 adprehendistis

238 4191 269 4258 O,
288 4191 501 4261 apprehendistis
520 4191 581 4255 FP,
602 4189 794 4258 aprehendistis
817 4191 843 4243 ll
910 4191 943 4243 25
963 4204 990 4240 se
1008 4206 1058 4243 our.
1078 4187 1161 4243 FPU
1232 4185 1378 4239 extimasse-

234 4277 323 4346 FPU,
342 4278 493 4331 aestimasse
512 4293 539 4328 se
558 4279 595 4331 M
642 4279 675 4331 27
695 4279 865 4330 cousecratur
887 4277 913 4330 U
963 4274 1005 4343 ut]
1024 4277 1050 4326 et
1069 4274 1106 4328 M
