3036 4770
156 305 219 373 438
409 324 547 394 Operum
566 325 739 380 S.Panlini
756 326 875 382 Nolani
895 327 1042 408 episcopi
1068 375 1071 380 .

156 508 236 565 retur
255 506 409 575 aeternam,
432 502 532 564 diuina
553 505 690 566 continuo
710 507 847 565 mandata
868 507 1013 582 proponit,
1036 509 1194 567 ostendens
1216 508 1302 567 nobis

158 603 219 662 eius
234 600 411 661 uoluntatem
426 618 489 660 esso
505 600 675 674 faciendam,
697 619 785 676 aquo
805 618 955 678 speramus
975 605 1004 663 et
1022 603 1160 678 praemia3
1183 607 1306 680 propter

157 699 229 773 quod
250 696 306 755 alio
324 697 450 755 testatur
468 696 543 756 loco:
567 713 633 756 non
654 696 766 758 omnis
786 698 844 772 qui
864 699 952 757 dicit
972 699 1069 772 mihi,
1092 699 1230 761 domine
1252 701 1306 759 do·

157 793 261 863 mino,
283 791 434 851 intrabit
455 791 489 850 in
508 808 650 867 regnum
670 794 857 864 caelorum3
879 795 936 854 sad
957 795 1014 869 qni
1034 794 1121 854 facit
1138 795 1307 854 uolonta-

158 887 352 963 tempatris
367 887 445 958 mei,
465 887 522 961 qni
545 888 580 946 in
604 888 711 947 caelia
736 893 804 961 est,
826 890 903 964 ipse
925 890 1078 950 intrabit
1098 891 1135 949 in
1156 908 1307 965 rognum

158 984 337 1045 caelorum.
369 999 424 1056 qno
444 982 596 1042 manifeste
615 983 685 1043 illud
706 985 869 1044 ostenditur
888 1003 941 1045 nos
962 1003 1023 1046 non
1042 986 1104 1046 sola
1122 985 1166 1046 dei
1188 985 1307 1044 confes-

160 1079 240 1140 sione
262 1079 337 1138 tanti
360 1079 479 1154 proemii
503 1079 729 1154 magnitudinem
755 1081 925 1155 promereri,
953 1081 1012 1141 nisi
1035 1081 1099 1140 fidei
1122 1083 1150 1139 ot
1172 1080 1308 1140 institiae

160 1192 245 1252 opera
259 1174 413 1235 coniuncto
429 1175 498 1235 sint.
1097 1196 1101 1204 ·

205 1277 233 1332 3.
251 1271 349 1342 Qualis
365 1274 411 1330 est
425 1272 500 1330 enim
517 1271 567 1330 illa
582 1271 735 1344 confessio,
756 1290 829 1346 queo
849 1271 891 1331 sic
906 1274 989 1330 deum
1005 1271 1104 1343 crodit,
1125 1274 1158 1330 nt
1172 1272 1238 1331 eius
1254 1290 1306 1346 pro

160 1367 250 1428 nihilo
266 1369 350 1426 ducat
369 1366 538 1442 imperium?
558 1369 609 1426 ant
628 1369 766 1442 quomodo
786 1386 820 1426 en
840 1367 936 1426 animo
956 1384 989 1425 ao
1008 1385 1076 1426 nera
1096 1367 1231 1440 dicimus,
1251 1369 1307 1426 do·
1335 1383 1353 1421 ιι

160 1463 250 1522 mine
270 1463 417 1534 domine,
439 1464 462 1521 si
484 1463 545 1522 eins
564 1481 647 1537 quern
664 1463 808 1523 dominum
824 1463 993 1523 confitemur
1008 1466 1160 1536 praecepta
1176 1466 1307 1522 contem·

162 1559 276 1618 nimus?
293 1560 368 1618 unde
383 1558 445 1632 ipse
460 1558 492 1617 in
507 1559 657 1634 euangelio
674 1559 756 1618 dicit:
778 1559 858 1633 qnid
878 1562 989 1617 antem
1009 1558 1145 1618 uocatis
1165 1577 1232 1630 me,
1253 1559 1307 1618 do·

162 1655 251 1714 mino
274 1654 421 1726 domine,
445 1656 479 1713 et
501 1671 568 1713 non
591 1654 714 1713 facitis
738 1672 823 1729 quae
847 1654 940 1713 dico?
965 1655 1131 1712 etiterum:
1155 1653 1308 1728 populns

160 1750 216 1810 hic
235 1749 341 1810 labiis
361 1767 411 1809 me
431 1750 591 1821 honorat,
613 1768 669 1810 cor·
685 1752 798 1809 antem
819 1767 931 1809 eornm
953 1750 1056 1825 longe
1077 1752 1131 1808 est
1150 1766 1167 1807 a
1187 1766 1247 1809 me.
1280 1750 1309 1807 et

162 1865 276 1907 rursum
298 1845 424 1920 loquitur
447 1863 498 1920 por
520 1847 700 1921 prophetam:
729 1845 831 1904 filins
856 1844 1074 1905 honorificat
1096 1846 1246 1919 patrem,
1275 1847 1310 1903 et
1336 1863 1353 1902 ιι

163 1960 287 2002 seruus
310 1941 481 2002 dominum
504 1959 600 2000 snum
628 1941 782 2013 timebit,
808 1945 851 2013 ot,
875 1942 904 2001 si
927 1944 1027 2016 pater
1050 1958 1120 1999 snm
1145 1957 1223 2015 ego,
1249 1940 1309 1999 nti

164 2041 217 2099 ost
232 2040 339 2100 honor
354 2042 466 2097 mens?
486 2040 519 2096 et
534 2038 563 2096 si
580 2037 736 2097 dominus
753 2056 814 2112 ogo
830 2055 917 2109 sum,
933 2036 991 2096 nbi
1007 2039 1060 2095 est
1075 2035 1178 2094 timor
1194 2040 1309 2095 meus?

164 2153 197 2194 ex
213 2152 268 2209 quo
283 2135 403 2208 apparot
417 2150 470 2192 nec
485 2133 618 2195 honorari
631 2136 666 2192 ab
682 2133 724 2192 eis
737 2133 882 2192 dominum
895 2150 948 2191 neo
959 2132 1063 2202 timeri,
1079 2131 1129 2205 qui
1145 2130 1208 2191 eins
1223 2149 1309 2206 prae·

164 2233 247 2305 cepta
266 2247 325 2289 non
344 2228 464 2288 faciunt.
501 2230 575 2287 undo
595 2229 759 2303 expressius
780 2229 814 2287 ad
835 2227 929 2287 Dauid
949 2228 1063 2297 dicitur,
1087 2226 1137 2300 qui
1159 2229 1311 2301 peccatum

165 2325 331 2385 admiserat:
352 2325 381 2383 et
399 2342 459 2398 pro
480 2324 591 2384 nihilo
611 2324 743 2383 duxisti
764 2324 949 2394 dominum,
974 2325 1003 2382 et
1025 2323 1059 2381 ad
1075 2321 1141 2380 Heli
1161 2339 1258 2381 sermo
1278 2320 1313 2379 iit
1338 2344 1353 2382 ι

165 2421 284 2480 domini:
312 2420 370 2494 qui
397 2419 611 2480 honorificat
636 2438 699 2491 me,
726 2418 968 2480 honorificabo
995 2435 1081 2486 enm3
1109 2416 1168 2491 qni
1195 2420 1312 2476 autem

166 2533 226 2592 pro
246 2515 356 2575 nihilo
376 2533 424 2574 me
444 2515 586 2588 hahent,
607 2517 646 2574 ad
667 2515 814 2574 nihilum
834 2515 1049 2589 redigentur.

210 2618 239 2673 4.
260 2612 299 2671 nt
317 2628 370 2671 nos
391 2628 490 2670 securo
509 2629 543 2671 ac
561 2614 635 2672 bono
654 2610 750 2670 animo
771 2628 880 2682 sumus,
904 2610 953 2684 qni
972 2627 1024 2684 per
1043 2607 1160 2683 singula
1179 2624 1314 2682 quaeque

167 2710 283 2784 peccata
301 2707 508 2767 inhonorantes
529 2708 610 2767 doum
631 2705 885 2766 clementissimum
908 2705 1053 2765 dominum
1075 2705 1110 2762 ad
1130 2703 1314 2762 iracundiam

167 2820 352 2879 prouocemus
383 2802 499 2878 eiusque
530 2802 649 2878 imparia
678 2801 882 2876 superbissimo
913 2800 1121 2862 contemnendo
1151 2799 1184 2858 in
1210 2801 1315 2858 tantae
1341 2821 1353 2860 s

168 2899 326 2959 maiestatis
349 2899 424 2957 imus
447 2898 601 2958 iniuriam?
625 2897 692 2973 quid
716 2898 792 2958 enirn
815 2914 948 2971 umquam
971 2899 1029 2955 tam
1053 2898 1219 2970 superbum,
1244 2895 1317 2969 qnid

272 3110 301 3180 3]
319 3109 415 3164 Matth.
427 3111 503 3175 7,21.
559 3109 603 3178 12]
621 3109 755 3178 Laeti.
811 3108 855 3178 13]
874 3107 971 3162 Matth.
984 3110 1058 3171 15,8.
1114 3104 1317 3176 15]Mo1.1‚a.

170 3199 215 3268 21]
234 3198 248 3252 Ι
266 3197 331 3267 aeg.
344 3199 369 3262 2,
383 3199 423 3253 30.

214 3408 407 3477 lostonditoa
476 3405 678 3462 auolunatem
696 3406 789 3476 eiusy
863 3404 971 3460 amini
989 3403 1092 3458 dicito
1160 3401 1318 3458 4ιιιί-ἰιι

170 3514 283 3566 rognum
302 3496 435 3550 caelorum
453 3512 505 3550 ona.
523 3511 565 3549 xv
619 3491 721 3548 (iiliud
739 3510 791 3548 om.
809 3510 830 3546 ιι
883 3494 945 3546 iet
962 3509 1013 3546 ooo.
1031 3507 1094 3560 πρυ
1146 3490 1256 3545 tanim
1276 3498 1318 3544 est

171 3585 260 3642 Remo.
341 3582 436 3650 deod:
514 3597 562 3649 pro
586 3579 669 3634 nihilo
692 3580 749 3633 eius
772 3579 853 3633 ducat
874 3597 894 3633 ιι
970 3582 1002 3634 10
1024 3575 1155 3645 quomodo
1177 3594 1229 3631 ooo.
1249 3595 1318 3632 axv

171 3671 250 3725 modo
269 3681 357 3738 omno
410 3668 452 3737 ex]
471 3670 602 3737 antony
655 3684 685 3720 aa
704 3677 734 3734 ψ,
753 3670 800 3720 aut
818 3684 890 3736 oxy,
910 3683 992 3722 onio
1045 3667 1078 3719 14
1096 3663 1199 3731 eornm]
1218 3668 1319 3734 erato

173 3761 205 3814 16
223 3758 289 3812 tirno
307 3757 396 3814 Rosea
451 3769 511 3807 snm
529 3769 577 3822 ego
594 3772 644 3823 cy,
664 3769 712 3821 ego
730 3770 790 3807 snm
808 3764 877 3822 ιιιψ
929 3751 1072 3805 uhi-sum
1089 3767 1173 3807 omo
1228 3752 1319 3805 lieet

172 3845 324 3901 om.Rooso.
380 3845 412 3899 18
422 3840 560 3894 dominnm
570 3857 621 3896 om.
634 3857 676 3895 ιιυ
730 3842 761 3895 19
772 3855 825 3892 non
834 3850 922 3909 οιιι.ψ
975 3837 1008 3891 ad
1019 3836 1100 3891 dauid
1111 3837 1262 3906 expressius
1274 3856 1318 3892 ιιιι

172 3931 324 4001 peccatum]
352 3933 491 3998 peccatum
515 3942 568 3980 non
594 3944 614 3980 ιι
684 3928 718 3982 20
745 3926 856 3979 duxistis
883 3944 903 3981 x
973 3923 1122 3992 dominnm]
1146 3922 1227 3976 deum
1250 3942 1318 3994 ayo

173 4017 234 4086 hely
252 4028 298 4088 ψι]
359 4017 391 4069 fit
409 4029 495 4068 sermo
514 4013 601 4068 Rosia
665 4015 697 4069 21
718 4012 832 4081 domini]
852 4011 954 4065 domini
973 4010 1064 4065 dicens
1080 4020 1129 4079 ιιψ
1190 4012 1224 4065 22
1243 4009 1317 4064 redi·

173 4107 274 4171 guntur
292 4115 314 4173 ψ
366 4105 401 4158 23
413 4115 504 4155 securo
523 4103 550 4153 ot
567 4098 636 4153 bono
655 4099 744 4152 animo
762 4117 789 4162 ιι,
809 4113 900 4152 securo
918 4098 1008 4151 animo
1026 4112 1056 4151 ac
1074 4096 1143 4151 bono
1160 4115 1181 4152 ιι
1234 4112 1317 4166 quaa-

174 4191 236 4258 qne]
259 4206 363 4257 quoqne
384 4206 412 4256 a,
439 4203 557 4256 quaeque
585 4186 627 4240 dci
655 4196 679 4254 ψ
748 4186 781 4240 24
802 4184 922 4253 peccata]
950 4188 1135 4253 praeceptam
1206 4186 1240 4239 25
1264 4184 1317 4239 im·

174 4288 319 4345 panemo
