3036 4770
163 298 225 363 150
494 313 519 367 S.
532 312 664 367 Paulini
684 311 802 366 Nolani
821 312 967 382 episcopi

160 489 299 554 elebatur
327 494 359 554 ct
384 491 416 553 in
443 490 565 572 pusillis
594 490 708 554 nostris
736 490 913 554 humilitate
940 492 1127 572 praepotens
1154 489 1304 553 salutaris

161 594 210 659 dei
231 594 333 659 forma
354 594 511 658 uincebat.

203 697 232 762 2.
261 697 321 764 Sed
347 717 545 762 recurramus
573 699 611 762 ad
640 699 786 780 epistolae
813 702 917 779 caput,
945 698 1027 779 quod
1054 696 1225 780 apedibus
1253 697 1304 763 in·

160 803 353 884 choauimus,
384 807 419 867 ut
449 821 607 867 cursorem
636 804 827 867 dominicum
855 802 1073 867 cardamatem
1104 802 1236 885 signatis
1269 801 1303 865 in

158 910 229 992 lege
252 908 356 973 diuina
379 908 578 989 antiquorum
603 908 756 971 uelocium
779 908 943 971 laudemus
968 907 1126 988 exemplis.
1150 906 1304 970 subuenit
1346 936 1360 975 s

159 1014 265 1094 itaque
293 1012 382 1076 nobis
411 1012 501 1075 etde
530 1012 691 1094 euangelio
717 1012 921 1075 adolescentis
945 1012 1077 1094 apostoli
1100 1011 1191 1074 beata
1212 1010 1304 1073 uelo-

159 1117 237 1181 citas
261 1118 324 1196 illa,
349 1134 409 1197 qua
425 1116 555 1179 Petrum
576 1115 689 1179 affeetu
709 1117 852 1180 currendi
871 1134 979 1199 parem
1003 1116 1057 1178 sod
1080 1115 1206 1179 maioris
1229 1116 1304 1178 aeui

159 1222 294 1304 pondere
318 1221 486 1285 tardiorem
510 1221 548 1283 ad
572 1221 774 1302 sepulchrum
797 1221 915 1284 domini
938 1220 1162 1302 praecucurrit,
1193 1222 1228 1282 ut
1249 1239 1303 1282 re—

160 1327 383 1390 surrectionem
407 1326 541 1407 corporis
565 1326 647 1406 prior
670 1325 837 1407 inspiceret
864 1325 918 1406 qui
941 1326 1025 1388 solus
1048 1326 1080 1388 in
1103 1328 1227 1407 pectore
1250 1343 1303 1387 re-

159 1430 337 1494 cumbebat.
361 1430 442 1492 unde
465 1429 606 1512 geminos
629 1429 660 1491 in
685 1431 809 1492 alueum
834 1429 932 1493 cordis
957 1430 1004 1492 sui
1025 1431 1162 1493 traxerat
1183 1427 1303 1508 ionteS,
1332 1457 1359 1494 ιο

160 1553 237 1616 quos
260 1535 292 1597 in
316 1534 423 1598 orbem
445 1533 528 1596 idem
556 1537 673 1616 postea,
702 1534 901 1599 reuelationis
933 1539 964 1596 ct
994 1534 1149 1616 euangelii
1176 1550 1302 1615 praeco,

160 1638 292 1718 diffudit,
324 1642 355 1702 et
377 1639 461 1702 illam
486 1639 643 1701 carnalem
666 1638 860 1701 alacritatem
884 1638 999 1719 pedum
1022 1641 1130 1721 postea
1151 1637 1302 1718 speciosis

160 1743 250 1807 uerbi
271 1742 402 1825 pedibus
426 1745 490 1805 toto
513 1761 568 1824 per·
592 1744 722 1824 populos
750 1741 824 1806 orbe
853 1743 1028 1806 discurrens
1056 1741 1187 1824 spiritali
1213 1740 1304 1805 uelo-

160 1847 253 1911 citate
276 1847 442 1929 conpleuit.

203 1951 232 2015 3.
255 1951 343 2014 Idem
368 1952 451 2015 ultra
474 1950 613 2015 omnium
634 1955 775 2034 tempora
798 1952 1010 2034 apostolorum
1032 1954 1133 2015 aetate
1148 1950 1304 2033 producta
1332 1979 1358 2017 ιι

159 2058 336 2138 postremus
360 2055 516 2138 euangelii
544 2055 675 2137 scriptor
705 2056 803 2118 fuisse
834 2059 1035 2135 memoratur,
1066 2059 1115 2133 ut,
1150 2055 1231 2118 sieut
1259 2055 1302 2117 de

159 2164 226 2243 ipso
253 2178 309 2224 uas
338 2160 498 2224 electionis
526 2159 577 2238 ait,
609 2160 698 2240 quasi
726 2161 871 2224 columna
898 2160 1133 2224 firmamentum
1163 2158 1303 2222 adiceret

159 2264 370 2329 fundamentis
383 2264 541 2343 ecclesiae,
561 2264 678 2346 priores
692 2265 845 2346 euangelii
862 2265 1027 2346 scriptores
1043 2280 1178 2327 consona
1193 2266 1302 2325 aucto·

157 2368 250 2433 ritate
273 2369 472 2448 confirmans,
502 2369 633 2432 ultimus
659 2371 766 2431 auctor
788 2370 820 2432 in
843 2369 915 2432 libri
938 2373 1077 2449 ternpore
1101 2367 1155 2431 sed
1178 2366 1301 2449 primus

158 2473 190 2537 in
215 2475 315 2557 eapite
339 2473 535 2551 sacramenti,
560 2473 673 2554 quippe
690 2473 742 2554 qui
759 2473 844 2537 solus
868 2493 883 2536 e
905 2478 1036 2554 quatuor
1056 2470 1237 2535 fluminibus
1261 2490 1302 2535 ex
1329 2500 1357 2539 so

158 2578 226 2660 ipso
257 2595 381 2641 summo
409 2577 507 2640 diuini
538 2577 648 2657 capitis
676 2577 762 2640 fonte
791 2578 958 2640 decurrens
989 2577 1025 2640 de
1057 2576 1139 2640 nube
1169 2574 1301 2639 sublimi

158 2684 259 2746 tonat:
290 2682 326 2746 iu
349 2681 534 2763 principio
564 2686 642 2744 erat
668 2681 835 2760 uerbum,
867 2685 903 2744 et
926 2680 1078 2744 uerbum
1102 2683 1181 2744 eret
1204 2679 1301 2761 apud

159 2787 280 2865 deum,
304 2789 340 2849 et
363 2787 452 2849 deus
476 2788 556 2848 erat
578 2784 742 2848 uerbum.
767 2786 958 2850 transcendit
975 2785 1107 2868 Moysen
1128 2784 1179 2865 qui
1199 2800 1300 2864 usque

159 2890 197 2953 ad
228 2893 322 2971 caput
352 2888 460 2952 mundi
490 2893 522 2952 et
552 2889 722 2953 uisibilium
756 2895 966 2954 creaturarum
998 2889 1120 2953 exordia
1150 2888 1301 2952 scientiae

158 2993 308 3057 terminos
332 2995 396 3058 acie
420 2994 534 3057 montis
558 2993 706 3057 extendit.
744 2995 803 3057 iste
832 2998 862 3057 et
889 2993 1088 3076 euangelistis
1112 2993 1223 3056 ceteris
1247 2991 1299 3056 uel
1328 3020 1355 3061 ss

158 3097 197 3161 ab
221 3098 358 3161 humano
387 3098 549 3162 saluatoris
578 3101 647 3162 ortu
675 3099 725 3162 uel
753 3117 772 3162 a
794 3100 895 3181 typico
917 3099 996 3181 legis
1024 3097 1174 3162 sacrificio
1201 3097 1253 3160 uel
1280 3113 1300 3160 a

157 3201 337 3284 prophetico
360 3202 570 3286 praecursoris
594 3201 751 3286 baptistae
777 3203 941 3285 praeconio
970 3202 1169 3286 euangelium
1194 3219 1300 3265 resur-

260 3427 289 3497 8]
313 3426 488 3495 (isbaal).
543 3427 571 3496 9]
596 3428 663 3496 (Ich.
680 3429 719 3491 13,
734 3430 768 3482 23
786 3431 812 3482 et
829 3429 870 3492 21,
886 3427 937 3494 20).
993 3427 1038 3495 22]
1057 3426 1115 3481 Ioh.
1134 3428 1196 3490 1,1.
1251 3424 1296 3495 26]

158 3513 264 3580 (Matth.
280 3517 302 3576 l,
318 3517 345 3577 l;
363 3513 426 3568 Luc.
441 3517 464 3578 1,
478 3519 507 3577 5;
526 3515 606 3569 Marc.
622 3520 644 3579 1,
658 3516 691 3583 2).

200 3717 214 3816 ἒ
236 3715 334 3767 nostris
352 3713 457 3784 pusillis
469 3715 558 3782 FPU,
576 3715 667 3785 pusilli
686 3717 769 3769 nostri
789 3718 857 3771 coeat.
873 3718 965 3771 Sucoh.
1024 3719 1040 3770 3
1058 3715 1243 3770 incohauimus
1265 3718 1297 3778 U.

157 3826 323 3880 incoauimus
347 3827 369 3894 (¹¹
384 3845 418 3883 m.
431 3830 458 3895 2)
478 3830 514 3885 M
529 3828 564 3896 (et
580 3830 620 3884 sic
638 3829 734 3897 iissre),
758 3829 923 3882 incoauimus
946 3830 972 3883 L
1043 3832 1059 3883 6
1078 3829 1253 3883 adolescentis
1272 3831 1300 3884 P

157 3916 258 3981 'iquos
281 3914 311 3982 0,
330 3930 380 3982 que
398 3915 429 3968 F
478 3915 762 3983 8praecurritFPl1'
814 3918 845 3970 10
863 3915 996 3984 geminos]
1015 3932 1097 3984 genus
1115 3918 1141 3972 U
1192 3918 1221 3971 ll
1237 3932 1297 3984 pre·

158 3999 236 4054 doO
301 4003 332 4056 12
352 4000 453 4054 diludit
472 4002 498 4054 P
550 4001 682 4055 carnalem
702 4003 849 4058 omFPU
913 4003 944 4057 13
963 4001 1045 4055 uerba
1066 4004 1093 4059 U
1152 4005 1183 4058 18
1201 4001 1297 4071 prioris

157 4086 288 4154 euangelii
312 4087 498 4156 scriptorisO
576 4088 746 4156 auctoritate]
770 4104 833 4142 uoce
857 4090 941 4145 FPU
1020 4091 1053 4144 23
1076 4088 1222 4143 trascendit·
1244 4090 1301 4147 PU

157 4173 259 4225 moisen
277 4174 335 4230 FU
396 4177 428 4229 25
448 4174 502 4227 acio
525 4175 555 4242 0,
573 4175 617 4229 uel
635 4175 718 4228 aciem
737 4183 792 4239 eet..
812 4177 895 4230 aciem
913 4195 937 4245 c,
957 4176 999 4230 uel
1017 4176 1072 4229 acie
1089 4177 1202 4232 chram
1257 4180 1297 4231 et·
1342 4221 1344 4226 .

157 4261 229 4312 etP
281 4263 314 4314 26
333 4276 349 4313 a
367 4261 467 4330 typico]
488 4263 650 4330 ataspiooO
702 4265 734 4317 27
754 4262 868 4317 betisias
889 4266 916 4320 U
