3036 4770
157 270 222 335 424
493 284 520 340 S.
534 284 665 340 Paulini
684 283 803 338 Nolani
818 284 966 353 episcopi

157 463 295 546 speranti
330 462 407 528 mihi
441 467 508 527 tam
543 465 727 545 oportunam
764 478 857 542 quarn
897 463 1075 543 exoptatam
1107 460 1301 525 occasionem

157 568 307 653 praebere
329 568 476 652 dignatus
503 571 552 631 est
572 585 627 648 per
648 565 812 650 religiosos
834 566 978 645 iuuenes,
1002 564 1081 629 filios
1104 583 1206 644 meos,
1229 582 1304 629 oon·

160 691 267 737 seruos
295 689 369 736 uero
392 689 574 736 communes
598 669 629 734 in
653 670 792 750 dominc,
820 667 980 734 Gelasium
1004 674 1035 733 et
1057 669 1248 752 Lugendum
1271 673 1306 733 et

159 776 349 861 Tigridium,
372 793 448 857 quos
472 775 510 838 de
533 779 641 839 sancto
657 777 751 856 atque
768 774 944 838 castissimo
960 773 1210 857 congregationis
1229 790 1306 837 suae

161 897 291 946 numero
318 879 366 944 uir
393 878 558 943 laudabilis
590 882 621 941 et
650 879 827 960 praeclarus
851 879 883 941 in
907 877 1040 958 Christo,
1071 877 1167 941 frater
1194 882 1306 942 noster
1345 905 1349 941 1

160 989 192 1050 61
214 982 437 1067 conpresbyter
458 1000 556 1062 meus,
572 982 750 1046 Honoratus
774 983 813 1045 ad
833 981 1042 1046 humilitatem
1060 999 1163 1046 meam
1179 985 1308 1045 uestrae

161 1088 334 1155 dilectionis
358 1088 498 1170 exemplo
521 1086 723 1151 refouendam
747 1086 871 1150 domino
894 1086 1065 1168 inspirante
1081 1086 1201 1150 direxit
1243 1086 1308 1151 sol·

159 1194 244 1259 licite
268 1193 351 1257 enirn
374 1209 429 1275 pro
453 1191 582 1255 caritate
606 1191 725 1255 meritis
749 1191 862 1255 uestris
885 1189 989 1255 debita
1008 1190 1182 1255 sciscitanti
1197 1193 1307 1254 actum

160 1299 213 1363 uel
235 1296 481 1361 incolumitatem
505 1299 643 1359 uestram
666 1294 756 1377 (narn
778 1295 815 1358 de
839 1299 910 1359 actu
931 1295 980 1377 pio
996 1299 1088 1376 atque
1104 1295 1233 1359 caelesti
1248 1294 1309 1358 du-

160 1402 230 1466 bins
261 1419 329 1465 esse
361 1417 421 1464 non
452 1399 607 1484 poteram)
638 1399 669 1462 id
700 1399 781 1481 quod
805 1400 942 1463 animam
965 1417 1069 1463 meam
1091 1397 1235 1464 reficeret
1257 1419 1309 1464 re·
1336 1428 1349 1464 n

161 1506 366 1590 spondorunt,
389 1504 463 1586 quia
485 1521 541 1567 uos
561 1505 618 1567 dec
641 1504 771 1586 propitio
791 1504 962 1568 incolumes
983 1503 1184 1585 reliquissent
1209 1522 1309 1568 uene·

161 1609 250 1674 randi
273 1608 421 1692 propositi
444 1625 538 1691 opera
559 1611 705 1672 curantes
729 1625 765 1671 aa
787 1608 890 1672 studia
912 1612 1091 1672 exercentes
1115 1611 1145 1672 61
1165 1608 1309 1674 incorde

162 1731 239 1793 uno,
263 1731 323 1795 quo
347 1712 507 1776 terrestria
530 1711 713 1793 reliquistis,
737 1713 856 1776 caelum
880 1717 1032 1794 petentes.

205 1815 235 1880 2.
269 1816 477 1880 Memineram
510 1816 593 1878 enim
625 1816 698 1897 quia
728 1813 783 1880 filii
815 1817 891 1896 mei,
918 1834 994 1899 quos
1022 1821 1095 1881 ante
1124 1835 1243 1881 annum
1269 1819 1308 1882 ad

161 1921 373 1986 humilitatem
407 1939 511 1985 meam
548 1920 609 1984 mei
644 1921 745 2004 gratia
779 1921 964 1985 uisitandam
997 1922 1167 2001 miseratio,
1201 1923 1309 1986 locum
1338 1949 1346 1985 1

162 2025 365 2091 habitationis
392 2029 530 2106 uestras,
558 2026 652 2089 simul
681 2030 712 2089 et
735 2025 841 2088 domni
865 2025 1052 2090 uenerabilis
1076 2026 1229 2090 Honorati
1253 2045 1310 2091 no-

162 2129 210 2194 bis
232 2131 449 2210 innotuerunt,
473 2129 610 2194 dicentes
634 2130 751 2194 scilicet
773 2130 846 2212 quia
869 2131 899 2194 in
923 2131 1072 2217 proximis
1101 2131 1187 2194 breui
1215 2133 1310 2196 inter-

162 2235 244 2299 iacta
271 2234 367 2298 maris
394 2252 471 2317 rupe
499 2235 593 2298 etiam
621 2234 859 2317 cognominibus
886 2234 965 2300 Lero
993 2241 1024 2300 et
1051 2234 1163 2299 Lerino
1194 2235 1310 2300 insulis

164 2338 327 2422 degeretis.
373 2339 470 2418 unde,
498 2356 571 2402 cum
594 2357 627 2401 se
650 2339 701 2402 isti
724 2337 779 2402 tilii
803 2339 901 2403 nostri
925 2358 960 2402 ex
984 2357 1034 2420 oa,
1057 2358 1137 2422 quae
1157 2338 1311 2405 Larinum

163 2443 285 2522 dicitur,
317 2443 440 2506 uenisse
470 2443 635 2523 dixissent,
663 2443 828 2526 recognoui
860 2447 891 2506 et
918 2443 1009 2507 facile
1031 2444 1212 2509 recordatus
1237 2463 1349 2509 sunrr

164 2547 329 2631 propinqui
364 2548 498 2611 nominis
527 2547 679 2628 insulam,
712 2549 744 2612 in
776 2566 838 2630 qua
868 2549 1068 2613 sanctitatem
1096 2555 1236 2614 nostram
1270 2551 1310 2615 ab

165 2653 255 2716 istius
279 2652 386 2715 mundi
411 2652 542 2735 strepitu
565 2652 731 2735 profugam
755 2671 881 2717 manere
903 2653 966 2717 iam
994 2671 1153 2718 noueram.
1197 2672 1312 2736 quam·

166 2756 275 2821 obrem
306 2756 407 2820 sciens
431 2755 590 2820 dilectioni
613 2759 736 2819 uestrae
759 2761 882 2840 gratum
899 2757 964 2821 fore
980 2757 1116 2822 officium
1131 2759 1311 2823 litterarum

165 2877 323 2938 mearum,
354 2861 426 2940 quia
457 2863 488 2923 et
519 2877 538 2923 a
566 2878 616 2923 me
647 2859 736 2924 uobis
759 2861 790 2923 in
814 2879 983 2943 perennem
1007 2863 1140 2945 gratiam
1165 2862 1311 2928 debitum

166 2967 229 3042 est,
251 2962 354 3026 libens
377 2965 538 3046 amplexus
562 2983 632 3027 sum
655 2964 737 3028 hano
759 2966 1005 3047 oportunitatem
1026 2966 1214 3049 spiritalium
1231 2967 1311 3034 filio-
1336 2992 1349 3031 r

165 3086 251 3147 rum,
289 3070 325 3131 ut
361 3066 401 3131 ad
437 3067 635 3132 benedictam
671 3068 704 3132 in
742 3067 865 3133 Christo
903 3070 1029 3134 domino
1066 3071 1311 3137 unanimitatem

165 3175 303 3235 uestram
337 3171 487 3253 epistolae
521 3190 610 3236 meae
643 3173 808 3255 portitores
840 3177 959 3254 essent,
994 3174 1075 3256 quod
1106 3178 1141 3238 ut
1170 3173 1227 3239 filii
1259 3177 1311 3241 uel

165 3275 300 3339 ministri
323 3275 545 3357 oboedientiae,
577 3278 658 3341 sicut
688 3295 706 3341 a
736 3277 793 3343 deo
824 3278 875 3341 uel
906 3278 1076 3343 secundum
1104 3277 1197 3342 deum
1228 3279 1311 3344 docti

166 3384 252 3461 sunt,
279 3381 514 3464 promptissime
540 3386 734 3464 receperunt.
785 3383 932 3465 suscipite
960 3402 1033 3466 ergo
1060 3383 1090 3446 in
1113 3382 1164 3446 his
1188 3385 1310 3468 exiguis

166 3483 362 3549 sermonibus
392 3485 555 3567 paruitatis
586 3505 675 3550 meae
705 3504 766 3550 non
797 3487 924 3570 exiguae
951 3487 1101 3551 caritatis
1120 3488 1258 3570 insignia
1280 3494 1349 3553 ets

166 3590 255 3673 quasi
282 3588 434 3671 quaedam
456 3589 589 3672 pignora
611 3589 733 3654 animae
755 3594 878 3654 nestrae
902 3594 933 3654 61
954 3591 1134 3655 testimonia
1157 3592 1257 3657 animi
1280 3597 1311 3657 et

167 3693 282 3758 amoris
305 3693 337 3757 iu
361 3711 417 3758 uos
441 3693 501 3757 mei
524 3694 600 3758 haec
624 3712 694 3758 mea
717 3695 832 3778 scripta
854 3695 994 3759 retinete.

210 3969 278 4026 6ad
296 3968 477 4024 humilitatem
497 3986 583 4023 meam
602 3989 653 4027 om.
673 3971 710 4025 Μ
760 3971 979 4040 irequirendam
997 3973 1024 4027 L
1077 3973 1265 4028 8sciseitatus
1283 3975 1309 4029 L

167 4061 183 4112 9
209 4056 419 4111 incolomitatem
447 4059 473 4111 L
563 4060 595 4113 12
622 4061 722 4111 ourani
743 4058 833 4111 studia
855 4059 881 4113 L
972 4063 998 4113 et
1020 4059 1048 4112 in
1069 4060 1138 4125 LM,
1160 4059 1189 4112 in
1216 4061 1308 4131 Oleip'tt.

169 4145 201 4199 16
220 4143 283 4198 doni
302 4145 339 4198 Μ
387 4143 600 4197 nobis-scilicet
618 4156 668 4199 oar.
688 4145 715 4198 L
768 4147 801 4199 24
820 4145 981 4213 perhennem
998 4146 1024 4199 L
1076 4148 1110 4201 25
1129 4145 1264 4214 apdalium
1278 4149 1313 4203 M

167 4231 199 4285 31
219 4229 323 4284 animae
341 4232 444 4284 uestrae
462 4229 574 4299 pignora
592 4232 629 4285 Μ
689 4234 716 4284 61
733 4249 784 4287 om.
803 4232 840 4285 Μ
899 4233 934 4287 32
951 4232 1004 4285 mei
1022 4232 1050 4285 in
1068 4247 1117 4286 uos
1135 4234 1174 4288 Μ
