3036 4770
232 296 273 377 88
563 312 588 367 S.
602 313 736 367 Paulini
755 312 876 368 Nolani
894 314 1041 384 episcopi

230 492 339 574 religio
363 491 550 572 sepulturae.
575 489 675 554 bonae
695 490 842 554 lacrimae
865 490 1014 569 caritatis,
1037 490 1149 572 quibus
1168 495 1258 572 pater
1272 491 1377 555 Abra-

231 596 305 659 ham
337 598 472 659 matrem
502 594 751 676 repromissionis
782 594 895 658 eduxit.
933 594 1034 658 bonae
1062 594 1209 658 lacrimae
1240 596 1376 678 pietatis

231 718 309 783 quas
328 699 442 783 Ioseph
464 699 565 763 iustus
588 698 731 782 inpendit
753 699 842 781 petri.
868 698 968 762 bonae
991 701 1023 762 et
1044 699 1192 762 lacrimae
1216 700 1375 780 orationis,

229 804 342 887 quibus
373 809 405 869 et
431 804 535 869 Dauid
566 807 701 868 stratum
732 820 824 866 suum
851 821 906 885 per
936 803 1075 886 singulos
1106 805 1213 867 noctes
1240 802 1373 886 rigebat.

229 911 284 975 sed
319 910 394 992 quid
428 913 610 974 sanctorum
647 906 828 970 mortalium
861 907 1039 989 praedicem
1072 906 1185 971 fletus?
1223 906 1308 971 llenit
1343 910 1375 971 et
1417 936 1431 975 s

228 1015 317 1080 Iesus
352 1015 499 1094 amicum,
534 1013 616 1076 haue
649 1012 744 1074 etiam
773 1012 953 1092 passionem
984 1013 1021 1075 de
1055 1016 1163 1077 nostra
1193 1012 1374 1076 infelicitate

227 1121 386 1205 dignatus,
419 1122 455 1183 ut
477 1120 599 1181 mortuo
622 1114 768 1178 funderet
791 1116 936 1180 lacrimas
960 1120 991 1180 et
1013 1135 1107 1199 quem
1129 1117 1373 1181 resuscitaturus

228 1230 296 1290 erat
326 1225 442 1289 uirtute
473 1222 579 1285 diuina
608 1217 790 1282 infirmitate
821 1221 942 1303 lugeret
969 1220 1121 1295 humana3
1152 1221 1226 1284 licet
1256 1222 1289 1284 in
1319 1221 1373 1284 illo

227 1349 290 1395 uno
321 1333 423 1394 totam
453 1325 547 1389 simul
579 1323 789 1387 conditionem
819 1326 940 1407 generis
971 1325 1102 1389 humani
1136 1327 1311 1389 misericors
1342 1327 1373 1388 et

227 1437 391 1501 miserator
419 1429 564 1494 dominus
593 1426 801 1509 deploreuerit
830 1433 861 1492 et
891 1430 954 1493 illis
981 1430 1129 1510 lacrimis,
1159 1428 1272 1512 quibus
1299 1447 1372 1512 pee-
1401 1456 1428 1494 ιο

227 1546 298 1606 ceta
320 1541 429 1602 nostru
451 1532 547 1611 fleuit,
575 1534 606 1594 et
628 1532 750 1595 lauerit.

269 1645 299 1708 ὃ.
323 1643 442 1706 Idcirco
466 1641 497 1700 et
519 1639 602 1714 tuae,
625 1635 730 1716 frater,
756 1636 903 1701 lacrimae
927 1641 1054 1701 sanctae
1077 1642 1109 1701 et
1130 1637 1210 1721 piae,
1235 1637 1306 1718 quia
1329 1637 1372 1700 si·

226 1750 294 1814 mili
322 1743 484 1810 allectione
513 1742 680 1803 manarunt
708 1744 739 1804 et
762 1741 889 1824 dignam
917 1742 995 1807 casti
1023 1741 1133 1806 cubilis
1156 1740 1271 1805 fleuere
1296 1759 1371 1806 eon-

226 1855 344 1920 sortem
378 1864 440 1910 non
471 1842 646 1907 diffidentia
672 1846 922 1926 resurrectionis
953 1846 1008 1910 sed
1038 1846 1189 1910 desiderio
1220 1845 1369 1909 caritatis.

226 1955 360 2022 mulier
389 1950 473 2014 enim
497 1951 603 2030 grate
633 1949 792 2013 suscitat
823 1950 901 2014 uiro
932 1950 1105 2033 gloriam,
1136 1968 1208 2014 eum
1235 1952 1369 2030 tenetur,
1400 1976 1426 2016 ιε

226 2064 319 2142 atque
350 2056 419 2118 ideo
451 2052 583 2115 suscitat
612 2055 644 2115 et
674 2052 872 2134 desiderium,
904 2073 976 2118 cum
1005 2055 1224 2137 praemittitur.
1258 2072 1370 2117 uemm

225 2166 289 2243 illa,
324 2163 360 2222 ut
390 2158 449 2221 luit
479 2174 612 2239 semper,
646 2157 690 2220 ita
720 2162 752 2221 et
781 2158 839 2222 erit
867 2163 1088 2241 perpetuum
1121 2176 1256 2222 corone
1288 2159 1369 2222 uiro

225 2284 305 2346 suo,
336 2267 367 2327 et
394 2279 463 2325 non
496 2261 736 2344 extinguetur
766 2264 919 2327 lucerna
949 2265 1042 2335 eius3
1075 2263 1245 2327 extendit
1275 2263 1369 2341 enim,

224 2375 260 2436 ut
287 2369 438 2448 seriptum
467 2370 525 2445 est,
555 2365 709 2430 brachia
739 2385 804 2430 sue
831 2367 875 2431 ad
904 2384 1016 2450 opera
1042 2368 1165 2447 utilia,
1197 2383 1235 2430 os
1262 2384 1369 2429 suurn

225 2471 373 2557 aperuit
394 2469 613 2551 prudenter,
637 2475 791 2552 operata
814 2475 869 2535 est
891 2472 972 2535 uiro
996 2490 1060 2535 suo
1082 2471 1187 2536 boue
1215 2470 1314 2554 gloria
1337 2474 1369 2534 et
1396 2495 1426 2534 ro

224 2580 341 2643 honore
364 2574 526 2637 coronauit
548 2577 589 2654 te,
617 2577 652 2638 ut
673 2576 893 2640 incenderetur
916 2580 1022 2640 tecum
1046 2576 1079 2639 in
1102 2575 1211 2639 diebus
1233 2574 1369 2638 nouissi-

225 2682 296 2760 mis,
328 2682 360 2741 et
387 2676 426 2741 ob
449 2677 508 2741 hoc
530 2676 606 2741 fletu
630 2667 731 2762 magis
754 2680 848 2763 digna
875 2699 970 2762 quam
998 2681 1085 2744 luctu
1108 2682 1141 2743 et
1163 2679 1369 2743 desideranda

224 2785 329 2869 potius
358 2781 558 2864 pertinaciter
588 2801 682 2864 qnam
713 2784 848 2867 lugende
882 2788 939 2849 est.
974 2802 1049 2848 nam
1083 2785 1153 2867 ipso
1184 2784 1368 2848 meritorum

224 2889 308 2953 illius
331 2888 485 2968 reputatio
512 2890 548 2950 ut
572 2887 720 2951 acerbum
743 2889 875 2971 imperat
898 2906 1070 2953 maerorem
1094 2888 1265 2971 superstiti,
1295 2888 1368 2970 quia

223 2995 327 3057 iustus
355 2990 519 3054 defunctus
546 2992 703 3073 relinquet
730 2994 964 3075 paenitentiam,
994 2993 1039 3056 itu
1065 2995 1097 3056 et
1122 2991 1367 3056 consolationem
1394 3017 1423 3058 au

224 3095 355 3160 uberem
371 3098 509 3176 praestat
527 3094 622 3175 fideli,
643 3097 716 3178 quia
735 3097 991 3162 inmortalitas
1011 3098 1049 3161 in
1070 3096 1247 3161 memoria
1264 3095 1366 3176 iusti,

224 3217 325 3281 neque
348 3198 417 3280 tibi,
449 3204 556 3265 sancte
578 3201 686 3280 frater,
716 3201 788 3265 hine
815 3203 914 3266 aerior
937 3201 1049 3265 doloris
1073 3201 1221 3265 stimulus
1243 3201 1367 3283 ingere·

225 3308 285 3383 tur,
310 3303 391 3384 quod
412 3305 574 3385 primaeva
596 3304 739 3385 decessit,
762 3307 911 3387 quoniam
930 3306 1003 3370 huie
1025 3306 1085 3388 ipsi
1106 3305 1193 3369 casui
1215 3305 1366 3369 solacium

224 3406 354 3491 praebet
377 3427 479 3472 sermo
499 3409 638 3473 diuinus:
661 3410 784 3474 iustus
808 3412 920 3490 enim,
943 3411 1053 3492 inquit,
1077 3411 1108 3474 si
1127 3413 1244 3474 morte
1262 3426 1366 3491 prae-

224 3515 359 3576 uentus
382 3513 511 3593 fuerit,
534 3514 793 3598 inrefrigerio
817 3516 896 3579 erit.
1391 3537 1422 3578 so

329 3718 356 3787 3]
377 3718 507 3789 (Gen50,
523 3721 555 3790 1).
618 3721 647 3790 4]
666 3721 721 3788 (Ps.
735 3723 759 3785 6,
773 3722 806 3789 7).
870 3722 898 3791 5]
918 3720 1105 3790 (10111135).
1165 3721 1209 3790 15]
1230 3721 1308 3774 Prou.
1324 3723 1365 3783 11,

226 3805 371 3868 163Eecli.
384 3809 481 3870 26,16.
546 3808 590 3877 ll]
610 3807 670 3877 Sap.
683 3810 750 3873 4,2;
768 3809 848 3862 Pron.
864 3811 904 3870 11,
917 3810 942 3862 4.
1007 3808 1050 3877 18]
1069 3808 1204 3871 Prou31,
1219 3809 1258 3862 19.
1320 3806 1364 3875 19]

225 3891 304 3946 Pron.
318 3894 360 3958 31,
373 3896 414 3948 26.
468 3894 514 3963 26]
534 3894 594 3964 Sap.
607 3897 633 3958 4,
647 3896 669 3949 l.
728 3895 774 3964 29]
794 3894 892 3964 Sept,
905 3898 928 3949 7.

267 4088 280 4140 1
301 4084 396 4154 quibus
419 4083 450 4153 O,
468 4085 497 4138 in
515 4085 646 4153 quibuso
697 4087 714 4139 4
731 4083 837 4153 rigebat
858 4084 895 4140 0¹
949 4087 964 4140 'l
983 4084 1108 4138 funderet
1129 4085 1159 4153 O,
1178 4084 1365 4140 infundereto

226 4174 258 4227 16
275 4173 459 4240 praemittitur
476 4173 575 4240 Rosw,
592 4171 740 4242 praemitur
761 4171 804 4227 Oo
870 4175 901 4228 ll
920 4173 949 4226 in
966 4175 1158 4242 perpetuumu
1222 4175 1257 4228 20
1279 4171 1365 4240 gloria

223 4260 368 4313 ethonore
388 4278 411 4328 e,
429 4258 543 4328 gloriam
562 4262 589 4313 et
606 4260 734 4313 honorem
756 4258 779 4314 0
