3036 4770
168 302 231 366 134
501 319 526 372 S.
539 319 674 373 Paulini
694 319 813 374 Nolani
831 321 976 390 episcopi

164 500 273 578 postea
296 495 395 559 oritus
418 499 490 559 tuns
513 513 532 560 a
554 496 666 560 militia
689 499 720 560 et
739 497 900 578 ingressus
920 496 959 560 ad
979 494 1073 560 fidem
1093 496 1207 561 docuit.
1231 515 1305 561 curn

164 601 264 683 primo
292 598 407 665 Christi
435 617 539 665 amoro
567 616 746 665 suscensus
765 601 926 666 ordinante
957 602 1025 683 ipso
1053 601 1179 667 domino
1205 620 1306 684 qnan-

165 703 237 768 dam
264 704 366 787 operis
395 705 444 769 sui
470 723 619 788 pompam
645 724 700 788 per
727 705 885 789 insignem
912 706 1040 771 concilio
1068 706 1195 770 militari
1221 705 1306 771 diem

62 849 64 853 ν
163 826 347 892 progressus
374 809 406 873 in
434 828 579 891 campum
605 829 648 890 es,
680 813 746 874 toto
768 810 823 873 illo
846 828 939 892 quem
962 811 1024 874 iam
1048 813 1154 875 mente
1176 828 1306 893 respue·

163 930 214 977 ras
238 913 449 979 muniminum
472 913 655 978 bellicorum
679 915 874 996 praecinctus
902 919 1015 979 ornatu
1038 915 1220 997 cunctisque
1244 915 1305 980 mi·
1346 941 1360 979 s

163 1016 304 1081 rantibus
333 1017 585 1082 adcuratissimos
612 1019 646 1081 in
673 1022 704 1081 te
732 1018 857 1082 habitus
888 1037 924 1082 ac
952 1018 1107 1084 terribiles
1135 1022 1304 1101 apparatus

163 1125 290 1206 repente
320 1121 536 1206 obstupefacto
566 1140 735 1186 conuersus
767 1123 902 1186 exercitu
932 1127 1006 1187 ante
1035 1122 1130 1205 pedes
1161 1123 1304 1207 sacrilegi

163 1226 278 1290 tribuni
313 1227 443 1290 militiae
480 1230 676 1291 sacramenta
709 1231 891 1309 permutans
927 1246 1014 1291 arma
1048 1227 1210 1311 sanguinis
1248 1227 1304 1291 ab·

163 1331 273 1411 iecisti,
297 1334 333 1395 ut
355 1349 443 1395 arma
465 1331 550 1413 pacis
574 1332 729 1411 indueres,
760 1336 964 1395 contemnens
988 1333 1101 1396 armari
1128 1332 1220 1410 ferro,
1250 1332 1304 1412 qui

164 1434 336 1499 armabaris
361 1434 495 1500 Christo.
533 1439 564 1499 et
591 1436 660 1500 ilico
688 1437 806 1518 antiqui
834 1437 987 1518 serpentis
1010 1436 1128 1499 inuidia
1150 1436 1302 1503 concitato
1334 1462 1361 1502 ro

162 1540 194 1602 in
214 1539 311 1604 furias
331 1540 456 1604 tribuno
476 1540 632 1604 districtus
653 1540 684 1603 iu
706 1540 837 1605 uerbera
858 1545 887 1604 et
909 1541 1007 1604 uastis
1027 1540 1164 1604 fustibus
1184 1540 1302 1604 fractus

162 1662 221 1708 nec
243 1647 349 1708 tamen
373 1645 476 1707 uictus
500 1664 543 1723 es,
571 1645 643 1726 quia
666 1646 766 1709 crucis
791 1646 876 1728 ligno
900 1645 1093 1709 innitebaris.
1127 1645 1303 1727 geminata·

163 1767 223 1830 quc
251 1766 321 1811 mor
348 1750 468 1831 corpori
496 1767 595 1831 poena
625 1752 716 1812 acuto
745 1753 897 1812 testarum
926 1750 1080 1832 fragmine
1107 1749 1226 1812 laniata
1255 1748 1304 1811 in·

163 1852 308 1917 manibus
330 1853 432 1935 plagis
459 1853 603 1916 merubra
632 1852 809 1916 substratus
834 1873 878 1932 es,
909 1857 983 1917 tunc
1006 1853 1130 1917 mollius
1153 1853 1302 1916 fulciente

163 1954 296 2036 (lbristo,
327 1957 415 2020 cuius
444 1956 501 2020 tibi
527 1957 681 2040 gremium
705 1956 839 2020 lectulus
868 1960 934 2020 erat
961 1960 992 2020 et
1015 1957 1123 2020 dextra
1144 1956 1300 2040 puluinar.
1332 1983 1359 2021 rs

162 2060 243 2124 unde
268 2060 307 2124 ad
330 2061 479 2124 maiorem
498 2061 622 2125 hostem
642 2061 776 2124 necdum
800 2061 983 2124 uulneribus
1006 2060 1148 2124 obductis
1171 2078 1303 2124 accensa

160 2165 264 2246 potius
288 2182 395 2228 eorum
419 2165 521 2229 dolore
545 2183 641 2246 quam
661 2165 761 2229 fracta
784 2165 899 2228 uirtute
921 2168 1083 2247 reparatus
1103 2164 1211 2228 fortior
1231 2183 1302 2247 pro-

161 2267 277 2332 siluisti
297 2267 483 2351 oblatusqua
503 2270 608 2333 comiti
624 2269 661 2332 do
678 2269 850 2352 potentiore
870 2269 996 2333 inimico
1011 2268 1175 2352 gloriosius
1191 2269 1302 2332 trium-

161 2374 274 2456 phasti.
313 2393 370 2438 nec
400 2374 484 2437 ausis
515 2375 597 2437 ultra
625 2373 738 2438 diaboli
769 2373 958 2437 satellitibus
988 2377 1134 2456 superata
1160 2374 1301 2456 ingerere

160 2480 318 2567 tormenta
347 2478 575 2560 capitalemque
605 2479 793 2542 senteutiam
825 2477 1058 2557 meditantibus,
1095 2481 1129 2541 ut
1159 2477 1209 2541 uel
1239 2476 1302 2541 fine
1328 2505 1357 2543 ao

161 2583 294 2646 carnalis
319 2586 390 2646 tuac
413 2583 496 2646 uitae
521 2583 603 2646 uinci
626 2583 814 2662 desinerent,
845 2583 1015 2647 dominus
1040 2586 1166 2646 noster
1189 2581 1301 2646 fortis

161 2690 196 2750 et
224 2689 356 2768 potens
387 2690 424 2750 et
454 2687 620 2750 inuictus
655 2687 690 2750 iu
721 2686 861 2770 proelio
895 2686 1070 2769 conspicuis
1104 2684 1300 2750 mirabilibus

160 2794 285 2874 pectora
307 2791 482 2873 quamlibet
505 2790 658 2855 obdurata
681 2791 828 2855 confudit.
853 2808 926 2854 nam
949 2790 1094 2869 carnifex,
1119 2790 1171 2871 qui
1194 2790 1227 2853 in
1249 2790 1300 2855 iti·

160 2914 244 2976 nere,
275 2914 335 2978 quo
358 2914 573 2978 percussorem
595 2900 685 2959 tuum
713 2913 801 2958 sacra
827 2895 955 2958 uictima
978 2893 1168 2975 sequebaris,
1199 2894 1299 2958 cerui·

159 3018 227 3064 cem
251 3003 338 3064 tuam
361 3000 517 3063 insultans
537 3000 701 3063 minaciter·
720 2998 901 3080 adtingendi
921 2999 1097 3062 temeritate
1117 2998 1298 3078 uiolauerat,
1326 3025 1353 3064 aa

160 3104 249 3186 quasi
271 3105 351 3168 ictus
374 3104 423 3167 sui
443 3104 545 3166 locum
561 3106 780 3185 praecurrente
801 3103 940 3185 gladium
964 3121 1059 3167 manu
1082 3103 1223 3185 palpans,
1247 3121 1299 3166 er-

160 3208 259 3273 cussis
282 3209 351 3272 ilico
374 3209 470 3271 oculis
494 3208 644 3272 caecitate
667 3227 832 3290 percussus
857 3211 913 3272 est.
952 3225 969 3270 o
994 3207 1108 3272 Christi
1129 3206 1297 3272 ineffabilis

159 3312 282 3377 bonitas
310 3315 462 3394 quantum
491 3313 522 3375 in
550 3332 623 3377 suos
654 3313 790 3376 ostendit
812 3311 973 3376 affectum!
1008 3310 1153 3375 iniuriam
1176 3311 1299 3376 confes·

159 3419 237 3481 soris
265 3417 315 3481 sui
342 3435 403 3480 non
432 3417 504 3480 tulit
531 3417 709 3500 inpunitam
735 3417 789 3499 qui
820 3417 883 3480 suis
914 3414 1145 3480 crucifixoribus
1175 3415 1299 3500 rogauit

262 3589 307 3658 21]
327 3589 370 3643 es.
384 3590 425 3654 23,
439 3594 462 3646 s.
516 3590 561 3658 ao]
580 3589 654 3658 (nuc.
668 3592 710 3653 aa,
723 3590 775 3657 34).

201 3748 381 3800 2susceusus
408 3747 438 3813 0,
462 3762 603 3799 succensus
625 3752 670 3801 cet.
742 3746 823 3800 3sui
846 3765 874 3813 ω,
898 3746 952 3799 suis
975 3747 1062 3802 Rosea
1111 3745 1247 3820 consilio
1273 3747 1300 3802 U

158 3832 362 3888 5miniminurn
386 3835 413 3889 U
479 3832 669 3900 cinctisquoO
739 3832 811 3887 bad
830 3832 1056 3888 curatissirnosO
1126 3832 1252 3886 terribilis
1270 3833 1301 3887 F

158 3922 346 3973 9coutemnes
365 3919 448 3974 FPU
510 3919 554 3986 qui
573 3919 667 3984 LMO,
687 3918 748 3986 quia
767 3927 813 3974 cet.
886 3922 918 3975 10
936 3919 1081 3973 armabaris
1104 3921 1130 3975 U
1192 3918 1296 3975 131111-

159 4006 231 4059 mine
250 4007 285 4073 1⁴⁷,
303 4005 432 4059 fracmine
450 4006 477 4059 L
539 4006 567 4058 in
585 4004 709 4059 manibus
727 4006 812 4062 FLU
874 4009 906 4061 14
924 4005 1074 4060 substratus
1096 4006 1147 4074 Oc,
1165 4005 1297 4059 subtritus

158 4099 204 4148 cet.
264 4096 295 4149 15
313 4093 444 4161 gremium
464 4110 497 4148 cor
514 4092 697 4161 geminumO
761 4096 791 4147 17
810 4093 949 4161 prosiliisti
971 4096 998 4151 U
1057 4095 1089 4150 l8
1107 4093 1250 4161 potentiori
1273 4095 1300 4149 U

158 4182 192 4234 20
210 4182 344 4233 tormenta
361 4199 412 4235 ora.
430 4180 460 4234 F
510 4179 704 4234 medicantibus
727 4182 753 4236 U
802 4182 833 4235 21
854 4180 967 4234 carnalis
985 4198 1035 4236 om.
1049 4180 1134 4235 FPU
1182 4182 1216 4236 22
1234 4195 1296 4233 con·

142 4259 325 4333 'spicuusO1
378 4270 411 4321 25
431 4266 573 4320 uiolauerit
594 4270 621 4322 U
670 4270 702 4321 27
721 4264 856 4320 laetabilis
874 4266 914 4335 (in
931 4284 964 4323 aa
981 4267 1020 4331 m)
1036 4268 1064 4322 L
1149 4315 1151 4319 .
