3036 4770
240 310 332 366 XVIII
723 311 900 366 Praefatio.

177 487 196 550 d
285 484 339 567 10)
369 487 464 550 codex
494 486 597 551 Musei
627 486 799 551 Britannici
829 484 950 569 Roga
980 485 1018 549 D.
1035 485 1080 549 Vl
1110 484 1242 550 membr.
1265 485 1286 548 f.
1319 481 1382 547 188

239 608 318 655 saec.
335 591 495 656 Xl-Xll,

171 710 200 796 f
284 712 339 796 11)
362 713 591 778 Laurentianus
618 713 697 796 plut.
721 711 809 793 12,1
835 711 967 776 membr.
989 729 1069 776 saec.
1087 711 1146 776 XV
1166 728 1282 795 magna
1305 728 1384 774 cura

238 821 269 881 01
297 818 453 901 elegantia
480 822 634 897 exaratus,
662 835 756 898 quem
785 836 820 880 01
849 835 978 881 numero
1000 815 1285 880 recentissimornm
1308 834 1383 898 spe·

237 921 358 985 ciminis
389 940 484 985 eausa
517 922 624 1006 selegi.
663 921 782 985 codices
812 925 889 1004 yet
917 920 937 986 d
967 920 1217 1001 Goldbacher,
1248 919 1269 981 b
1300 924 1333 983 et
1355 917 1389 1004 f

237 1025 493 1090 Zechmeister
516 1027 656 1092 contulit.

279 1130 420 1213 Epistola
441 1129 463 1193 4
487 1131 553 1195 0010
576 1132 731 1196 eustatie
754 1130 858 1195 codice

166 1254 191 1314 θ
281 1250 336 1335 12)
359 1253 501 1316 Parisino
521 1250 586 1315 989
607 1251 696 1334 (olim
717 1253 897 1337 Bigotiano)
917 1251 1048 1316 membr.
1063 1251 1098 1314 80
1113 1252 1134 1315 t.
1151 1250 1212 1316 132
1227 1270 1306 1315 0000.
1321 1252 1379 1332 XI,

236 1375 330 1438 quam
353 1356 609 1421 Zechmeister
633 1357 777 1422 excussit.

277 1459 420 1542 Epistula
441 1459 484 1523 45
508 1462 575 1526 0010
598 1464 699 1525 010101
722 1462 754 1526 11
777 1459 944 1525 codicibus.

173 1603 189 1644 ε
278 1579 332 1664 13)
345 1580 497 1646 Vaticano
513 1580 577 1644 495
593 1582 724 1646 membr.
738 1580 775 1644 40
786 1581 808 1645 f.
822 1578 884 1643 248
901 1599 981 1645 saec.
998 1580 1066 1661 XV,
1082 1599 1142 1662 qno
1158 1581 1379 1647 Louanienses

233 1684 282 1748 101
305 1689 379 1748 0111
402 1689 434 1749 01

168 1803 187 1883 ζ
279 1804 330 1889 14)
354 1806 506 1871 Vaticano
533 1805 598 1870 499
626 1806 875 1871 memoranda
900 1825 978 1871 saec.
999 1807 1067 1888 XV,
1096 1824 1228 1889 quornm
1254 1811 1380 1873 utrum·

233 1928 292 1992 que
320 1910 352 1974 11
376 1909 583 1975 Goldbacheri
609 1930 701 1975 usum
725 1911 759 1975 L.
784 1911 973 1976 Zdelraner
1000 1912 1139 1975 contulit.
1179 1912 1273 1976 codex
1295 1908 1315 1991 ζ
1337 1913 1378 1977 ad

232 2014 350 2079 bonnm
371 2016 529 2098 exemplar
550 2019 706 2080 correctus
727 2019 789 2089 est;
812 2019 875 2079 eet
890 2013 908 2094 ζ
923 2035 958 2080 01
980 2016 1088 2080 eodem
1109 2016 1193 2080 fonte
1209 2015 1376 2098 fluxerunt,

233 2120 314 2183 unde
339 2121 433 2184 ctiam
457 2120 616 2183 uariantes
641 2120 673 2183 in
696 2121 836 2202 margine
860 2119 998 2184 adiectae
1022 2123 1186 2184 uenerunt.

275 2224 419 2306 Epistula
441 2221 484 2286 50
507 2224 573 2287 sola
596 2226 697 2287 exstat
719 2223 751 2287 11
775 2223 941 2287 codicibus.

169 2367 188 2429 p
278 2344 332 2427 15)
356 2344 590 2409 Vindoboneusi
614 2342 678 2406 875
702 2344 811 2426 (theol.
829 2342 905 2424 713)
929 2343 1061 2408 membr.
1077 2343 1114 2407 4⁰
1130 2363 1210 2409 seeo.
1226 2345 1283 2426 XI,

169 2481 188 2544 η
280 2455 333 2540 16)
357 2456 554 2541 Sangallensi
581 2455 640 2520 148
665 2458 796 2521 membr.
813 2455 850 2518 40
869 2475 949 2521 saec.
966 2458 1022 2538 XI,
1051 2457 1088 2522 ad
1112 2459 1246 2523 alterum
1268 2477 1375 2523 exem-

231 2561 298 2642 plar
325 2566 463 2626 correcto
486 2562 657 2644 multisque
680 2562 756 2626 locis
779 2562 976 2644 interpolato,

171 2698 189 2755 ρ
279 2673 333 2758 17)
361 2675 531 2764 Reginensi
559 2673 1044 2756 101.1382111011111.0000.ΧΙ,
1072 2676 1104 2739 in
1131 2693 1191 2757 quo
1218 2694 1279 2741 101
1306 2679 1375 2742 1010

231 2779 374 2861 epistula,
396 2780 449 2843 sed
471 2798 621 2863 magnum
639 2780 705 2843 eius
722 2780 936 2863 fragmentum
952 2779 1177 2844 1111001011ῑο
1192 2800 1222 2863 p.
1238 2778 1313 2860 412,
1329 2778 1374 2844 22

231 2891 260 2943 01
282 2880 413 2945 inimici
430 2892 568 2968 propter
588 2905 644 2946 aes
664 2884 832 2948 inuenitur.
864 2885 984 2949 codices
1003 2909 1024 2968 η
1045 2889 1077 2949 01
1095 2908 1113 2968 ρ
1137 2883 1374 2950 Goldbeeher

232 2987 373 3051 eontulit.

274 3089 359 3154 Inter
375 3091 494 3155 codices
510 3092 692 3175 Augustini,
710 3110 787 3174 quos
804 3092 1068 3172 enumeranimus,
1085 3093 1262 3172 nonnullos,
1284 3093 1373 3158 uelut

234 3194 338 3280 l'cdp
355 3196 468 3260 artiore
492 3198 676 3280 cognatione
700 3197 844 3279 coniungi
867 3197 1071 3260 manifestum
1092 3201 1149 3277 001,
1169 3216 1270 3280 neque
1289 3197 1373 3261 inter

231 3315 281 3362 000
306 3303 337 3363 01
359 3300 549 3380 antiquiores
572 3299 668 3364 libros
696 3297 783 3363 (11Υο
789 3321 828 3382 cy
851 3301 1045 3364 diuersarum
1068 3302 1284 3366 recensionem
1306 3301 1373 3366 ulla

230 3402 342 3465 indicia
368 3407 454 3467 certa
481 3407 641 3486 apparent.
680 3408 748 3468 tota
775 3405 1000 3487 scripturarum
1024 3404 1209 3486 differentia,
1236 3406 1371 3487 quaein

230 3504 278 3568 his
302 3506 352 3570 uel
375 3507 598 3572 recentioribus
622 3508 874 3590 deprehenditur,
898 3513 1056 3573 crescente
1077 3510 1285 3592 interpolandi
1305 3528 1372 3574 cor·

229 3609 411 3692 rigendiqne
434 3612 536 3675 studio
560 3616 652 3676 enata
675 3631 743 3676 esse
767 3612 900 3693 uidetur,
925 3630 983 3695 qno
1007 3632 1045 3676 ne
1068 3613 1279 3695 antiquissimi
1302 3614 1372 3697 qui·

230 3712 300 3775 dem
328 3710 416 3776 ΦΥΟ
437 3715 593 3779 immunes
622 3720 704 3780 sunt.
751 3734 846 3799 quare
869 3720 987 3780 certam
1011 3721 1043 3781 et
1066 3717 1238 3800 simplicem
1262 3736 1371 3783 recen·

231 3815 326 3879 sionis
348 3818 502 3881 rationem
530 3821 749 3884 commendare
777 3820 901 3885 difficile
929 3825 984 3885 est.
1024 3821 1168 3903 equidem
1198 3821 1252 3887 ubi
1280 3827 1371 3887 1011-

231 3920 362 3983 stiorem
378 3922 493 4002 plures,
517 3940 649 4004 quorum
669 3929 774 3988 tamen
799 3927 829 3986 o
850 3928 880 3988 01
903 3927 931 3988 Y
950 3925 1042 3989 nnius
1062 3927 1161 3990 instar
1182 3930 1264 4007 sunt,
1287 3927 1371 3992 inter

229 4041 262 4087 se
283 4024 498 4105 concinebant,
515 4044 706 4109 quamquam
723 4046 802 4109 quae
818 4027 991 4093 offerebant
1006 4031 1072 4093 sine
1095 4047 1191 4094 causa
1212 4049 1274 4095 non
1296 4032 1369 4096 reli·

229 4126 292 4208 qui,
316 4128 550 4211 antiquissimos
579 4134 685 4195 tamen
713 4148 774 4195 non
803 4135 838 4195 ut
860 4133 892 4197 in
915 4132 1043 4215 reliquis
1067 4135 1206 4216 epistulis
1229 4134 1369 4199 codicem

231 4228 259 4291 O
278 4233 413 4313 suspexi,
435 4237 469 4297 ut
489 4235 573 4297 omni
594 4236 792 4300 examinandi
807 4256 901 4319 opera
916 4240 1160 4320 supersederem.
1199 4239 1279 4322 qnod
1294 4258 1369 4306 1010
