3036 4770
157 330 200 395 70
491 350 516 404 S.
530 350 661 405 Paulini
680 350 798 405 Nolani
817 352 963 421 episcopi

157 542 342 607 unoquoque
365 532 506 590 nostrum
530 528 700 591 secundum
724 528 901 609 apostolum
924 527 1004 590 dirae
1027 528 1149 590 mentes
1169 529 1202 588 et
1217 525 1296 588 duae

157 628 242 711 loges
271 632 354 710 sunt,
381 629 494 712 quibus
521 631 603 695 iutra
629 649 686 695 nos
714 630 904 694 molentibus
932 634 987 694 aut·
1013 629 1213 714 acceptabilis
1239 628 1297 693 deo

159 736 213 796 aut
234 733 408 798 refutabilis
431 735 575 819 similago
598 734 768 799 conficitur.

205 838 253 903 11.
281 839 326 904 Te
356 858 429 905 uero
460 842 543 904 nicta
572 842 641 924 lege
673 841 886 905 membrorum
917 845 949 905 et-
977 839 1126 904 erteriore
1153 842 1297 922 corrupto

159 961 271 1025 puram
294 945 544 1028 conspersionem
568 963 677 1027 parare
701 950 733 1010 et
756 946 823 1009 sine
844 945 998 1009 fermento
1014 962 1158 1026 azymum
1173 943 1298 1008 Christo
1335 966 1347 1006 a

159 1046 268 1110 confici
296 1048 418 1130 eloquia
445 1052 500 1112 tna
526 1053 591 1112 tam
618 1049 752 1113 facunda
783 1068 878 1130 quam
901 1053 988 1112 casta
1009 1051 1174 1113 testantur.
1198 1065 1299 1130 noque

160 1152 244 1215 enim
268 1152 323 1215 tibi
346 1152 497 1217 donatum
520 1153 632 1218 luisset
655 1173 798 1218 enarrare
821 1154 1005 1233 Martinam,
1030 1153 1090 1218 nisi
1113 1153 1242 1236 dignum
1264 1170 1299 1216 os

160 1259 250 1318 tuum
278 1257 373 1320 sacris
401 1256 542 1320 laudibus
570 1259 685 1322 mundo
713 1259 804 1322 corde
831 1259 967 1322 fecisses.
996 1257 1178 1321 benedict-ns
1204 1258 1300 1341 igitur

161 1363 195 1422 tu
218 1360 310 1423 homo
334 1361 468 1441 domino,
492 1363 544 1443 qui
567 1364 648 1427 tanti
671 1363 840 1426 sacerdotis
864 1367 895 1426 et
913 1362 1164 1426 manifestissimi
1178 1362 1300 1426 coufes-

162 1464 240 1527 soris
264 1463 425 1528 historiam
449 1470 514 1529 tam
539 1466 631 1549 digno
654 1486 797 1530 sermone
821 1485 915 1548 quarn
938 1468 1021 1530 insto
1044 1465 1157 1529 affectu
1172 1484 1300 1548 perccn·
1326 1488 1351 1528 ro

163 1568 263 1630 suisti.
291 1567 401 1632 beatus
425 1574 456 1632 et
479 1570 530 1633 ille
552 1588 607 1652 pro
631 1572 762 1650 meritis
790 1572 841 1652 qui
865 1571 996 1654 dignum
1019 1570 1079 1634 fide
1103 1574 1134 1634 et
1156 1571 1222 1633 uita
1245 1586 1303 1633 sua

164 1672 279 1735 meruit
305 1672 497 1753 historicum,
528 1674 579 1755 qui
608 1675 699 1738 etad
723 1676 861 1740 diuinam
885 1676 1016 1758 gloriam
1040 1675 1103 1738 suis
1127 1673 1248 1749 meritis
1271 1676 1304 1736 et

164 1776 202 1838 aul
225 1775 395 1840 humanam
421 1779 603 1842 memoriam
629 1780 691 1842 tuis
715 1780 828 1843 litteris
851 1783 1059 1842 consecratur.
1083 1778 1159 1841 haec
1180 1795 1303 1859 quoquc

164 1881 260 1944 uerba
283 1884 336 1944 tua
359 1882 476 1946 uellera
498 1887 572 1946 sunt
595 1889 626 1946 et
649 1884 810 1946 domiuum
834 1883 939 1946 lesum
963 1883 1140 1966 gratissimo
1164 1884 1304 1965 tegmine

165 1987 353 2068 cooperiunt,
384 1987 707 2068 ouiususupellectili
735 1988 864 2069 pulchra
891 1988 1035 2051 anrtoiunt
1062 1991 1093 2050 et
1119 1985 1235 2069 ingenii
1258 1985 1304 2049 tui
1332 2011 1357 2051 rs

165 2088 291 2153 floribus
320 2094 455 2154 comunt.
489 2093 603 2154 uestiet
631 2093 682 2154 ille
709 2097 740 2155 tc
764 2093 902 2155 uicissim
926 2111 1026 2175 agnus
1050 2092 1087 2154 de
1110 2108 1165 2154 suo
1187 2090 1305 2153 uellere

166 2194 197 2256 iu
221 2193 431 2257 retributionis
455 2196 514 2274 die,
540 2197 671 2259 mortale
695 2202 784 2260 tuum
808 2196 845 2259 de
870 2214 927 2259 sua
949 2196 1172 2259 inmortalitate
1195 2212 1306 2276 super·

167 2297 309 2361 induens.

213 2401 261 2465 12.
285 2402 333 2465 Tu
360 2407 483 2467 tantum
511 2405 608 2468 nostri
637 2409 793 2470 memento
822 2409 853 2469 et·
882 2424 938 2469 uos
969 2405 1103 2487 respice,
1134 2422 1195 2467 non
1222 2405 1306 2466 retro

168 2511 311 2587 spectans
342 2507 395 2569 sed
426 2509 518 2571 amici
548 2528 676 2572 memor.
720 2515 841 2573 certum
872 2515 920 2572 est¹
947 2510 1040 2589 euim,
1071 2509 1143 2589 quia
1170 2506 1307 2590 agricola
1336 2533 1363 2573 ao

168 2610 321 2674 sollertior
343 2611 463 2674 fructus
487 2611 601 2675 habeas
624 2613 773 2695 largiores
790 2617 821 2676 et
837 2614 990 2696 pernicior
1007 2629 1113 2675 cursor
1127 2611 1306 2675 tarditate-m

169 2717 309 2778 nostram
337 2715 380 2777 ad
406 2716 574 2779 bracium
606 2736 789 2799 supernae
820 2718 1029 2780 uocationis
1057 2716 1228 2780 anteuoles
1260 2715 1305 2778 in·

169 2817 286 2882 firmior
309 2820 424 2883 etenim
448 2825 551 2884 mente
575 2840 669 2902 quam
693 2841 818 2903 corpore
841 2822 934 2905 longo
957 2826 988 2884 to
1003 2820 1168 2884 interuallo
1185 2836 1307 2901 sequor,

171 2924 270 3004 spatio
293 2928 398 2987 tamen
421 2929 544 2988 tantum
576 2944 594 2988 a
620 2930 661 3004 te,
690 2945 751 2989 non
775 2927 886 2990 itinere
914 2929 1086 3007 separatus,
1117 2928 1149 2987 et
1176 2923 1307 2987 eandem

171 3026 288 3089 molam
311 3047 405 3111 aegra
427 3033 458 3092 et
481 3029 580 3111 inpari
605 3048 699 3093 manu
723 3035 821 3108 uerto,
846 3031 976 3112 pistrino
1000 3029 1112 3108 socius,
1143 3028 1233 3111 fruge
1256 3026 1309 3090 de·
1337 3052 1365 3092 as

171 3131 273 3210 terior,
298 3134 370 3213 quia
391 3134 492 3197 tritico
517 3134 613 3196 mixta
636 3135 752 3197 zizania
775 3135 867 3197 molo.
898 3153 977 3216 qnae.
1001 3137 1036 3196 ut
1059 3137 1124 3197 tota
1145 3135 1309 3196 uertuntur

172 3234 203 3296 in
226 3235 359 3317 frugem,
387 3238 577 3302 orationibus
605 3238 667 3302 tuis
691 3257 777 3321 egeo,
806 3239 918 3319 quibus
942 3258 1031 3320 spero
1056 3238 1186 3301 euadere
1209 3238 1241 3298 et
1264 3235 1310 3297 di-

278 3469 304 3537 l]
323 3469 430 3536 (Galli,
445 3472 494 3539 17).
557 3473 585 3541 4]
605 3472 793 3538 (1101112231.
857 3473 884 3540 5]
904 3472 928 3538 (1
942 3471 1000 3526 Cor.
1014 3471 1086 3536 iub).
1151 3469 1195 3538 17]
1214 3468 1238 3533 (Ι
1251 3467 1311 3522 Cor.

176 3559 215 3617 15,
228 3557 279 3624 54).
336 3557 379 3626 19]
398 3557 470 3623 (Luc.
484 3563 509 3622 9,
522 3562 574 3628 62),
629 3560 674 3626 22]
694 3558 763 3612 Phil.
776 3561 800 3620 3,
817 3561 856 3612 14.
912 3559 956 3627 26]
976 3557 1082 3625 (naath.
1098 3559 1137 3619 13,
1151 3556 1203 3624 25).

218 3732 490 3844 accceptabilssso
559 3779 723 3844 lcorrupta
746 3778 780 3843 L,
806 3774 953 3844 corruptela
977 3775 1014 3828 M
1080 3772 1210 3841 5parari
1232 3772 1319 3826 FPU

175 3862 289 3914 azimum
308 3881 328 3912 ω
391 3862 481 3916 tificri
500 3864 584 3918 FPU
642 3862 758 3916 faouuda
780 3864 809 3929 0,
829 3861 943 3916 fecunda
962 3868 1006 3915 cet.
1073 3863 1215 3913 lnarrare
1233 3859 1318 3914 FPU

177 3952 208 4004 15
221 3965 315 4017 corpus
332 3952 376 4003 uel
392 3957 423 4003 ut
436 3951 529 4005 Sucob.
543 3953 631 4005 euoluit
649 3949 769 4002 membra
786 3951 955 4004 interito-isse
972 3949 1082 4001 uidetur
1134 3944 1315 4014 suppelectilis

175 4036 216 4103 M,
235 4035 430 4105 supellectilJL
500 4035 612 4105 pulchra
635 4034 1001 4105 01³,fulcraMb',sulchra
1018 4034 1100 4087 FLP
1172 4031 1316 4100 ingenio

177 4123 437 4192 ll,superinduccns
456 4124 539 4179 FPU
597 4127 628 4178 21
649 4124 780 4192 pernicior
799 4124 861 4189 Mo,
879 4122 1008 4190 pernitior
1027 4127 1072 4175 cet.
1138 4135 1216 4171 cursu
1234 4118 1319 4172 FPU

173 4195 210 4265 '22
229 4227 357 4279 supernae
376 4211 410 4263 ad
427 4209 550 4263 bravium
573 4213 600 4267 U
657 4214 692 4266 23
710 4211 781 4263 enim
800 4212 837 4264 M
895 4212 929 4264 24
947 4208 985 4276 te]
1004 4211 1030 4261 et
1051 4209 1077 4263 U
1136 4207 1271 4274 seperatus
1289 4204 1320 4258 F

176 4299 209 4352 25
228 4297 317 4367 aegra]
336 4313 398 4365 erga
411 4297 468 4352 FU
518 4297 630 4365 pristino
644 4297 674 4351 F
723 4300 757 4351 26
775 4297 857 4349 mixto
871 4297 934 4350 ΒΜ
988 4293 1125 4360 2'legoF
1174 4296 1202 4345 et
1219 4291 1321 4347 omli
