3036 4770
586 343 731 412 epistula
749 342 845 407 XXXI,
865 358 886 396 c.
900 344 976 397 3-4.
1287 324 1350 388 271

212 517 376 582 hominum
398 518 479 581 hanc
503 517 685 600 inpietatem
709 535 899 600 conpensare
922 517 1057 600 poterit?
1095 517 1148 580 ubi
1175 535 1264 580 sacra
1286 518 1352 581 nati

213 622 376 686 saluatoris
404 621 536 686 infantia
564 616 716 705 uagie1·at‚
747 622 812 686 11110
835 621 966 685 Veneris
996 623 1137 685 lamenta
1165 620 1351 705 fingentium

211 727 337 790 lasciuia
359 726 497 790 luctibus
518 726 645 789 infamis
665 726 744 789 ritus
764 725 915 805 ululabat,
940 729 971 790 et
993 724 1046 788 ubi
1068 725 1157 809 uirgo
1179 728 1352 808 pepererat,

214 830 345 894 adulteri
368 830 560 895 colebantur.

177 960 189 998 s
255 935 286 998 4.
310 935 431 999 Mansit
452 936 510 998 hoc
538 935 654 998 sacculi
677 935 786 1017 prioris
814 934 902 998 nefas
929 935 960 997 in
983 938 1125 1015 tempora
1148 933 1260 998 nostris
1283 951 1354 1016 pro-

214 1040 296 1103 xima
312 1039 520 1119 Constantini,
544 1040 597 1120 qui
619 1039 763 1121 princeps
787 1058 856 1102 esse
875 1038 1068 1121 principibus
1085 1037 1268 1102 Christianis
1291 1054 1353 1101 non

215 1143 313 1227 magis
338 1162 395 1207 sua
418 1162 512 1225 quam
535 1143 645 1207 matris
669 1144 809 1207 Helenae
832 1142 892 1206 fide
916 1142 1041 1221 meruit,
1073 1160 1152 1224 quae
1175 1141 1290 1222 diuino,
1319 1144 1355 1205 ut

215 1249 311 1312 exitus
332 1249 445 1328 docuit,
468 1248 620 1330 inspirata
639 1247 777 1327 oonsilio,
800 1266 871 1311 oum
887 1248 1138 1330 Hierosolymam
1161 1249 1354 1330 agnosceret,

215 1353 339 1417 nornine
355 1352 563 1437 conregn<ans
579 1352 742 1435 Augustae
766 1371 838 1415 eum
860 1352 1014 1435 rog>abat‚
1037 1354 1073 1415 ut
1096 1350 1156 1415 sibi
1171 1352 1355 1416 facultatem

163 1479 191 1516 10
215 1458 302 1522 daret
328 1461 442 1521 cuncta
468 1458 531 1521 illio
559 1459 627 1521 loca
654 1457 817 1521 dominicis
845 1456 988 1537 inpressa
1014 1456 1155 1538 uestigiis
1183 1459 1215 1519 et
1237 1456 1355 1519 diuino·

215 1581 284 1624 rum
311 1580 386 1645 erga
413 1579 469 1625 nos
497 1578 626 1643 operum
652 1562 777 1643 signata
799 1561 1010 1624 monumentis
1033 1577 1166 1643 purgare
1190 1560 1355 1624 destructis

215 1667 339 1747 templis
362 1669 394 1730 et
416 1667 504 1731 idolis
528 1666 568 1729 ab
592 1666 676 1730 omni
699 1665 877 1747 prophanae
905 1666 1063 1747 inpietatis
1086 1665 1230 1748 contagio
1253 1669 1285 1729 et
1307 1684 1356 1728 re-

214 1770 322 1852 ligioni
345 1788 419 1834 0000
441 1771 580 1850 reddere,
610 1774 644 1833 ut
666 1771 797 1833 ecclesia
818 1770 945 1833 tandem
969 1771 1000 1833 in
1024 1774 1106 1834 terra
1129 1770 1256 1852 originis
1281 1788 1356 1832 suae

216 1875 433 1938 celebraretur.
471 1876 576 1956 itaque
603 1879 748 1957 prompto
776 1874 832 1937 filii
861 1864 1057 1957 imperatoris
1088 1875 1223 1938 adsensu
1255 1876 1356 1937 mater

160 1998 191 2037 1⁵
216 1978 360 2061 Angusta
381 1979 549 2061 patefactis
577 1979 615 2043 ad
643 1998 737 2062 opera
763 1981 872 2042 sancta
894 1980 1048 2043 thesauris
1072 1982 1136 2043 toto
1160 1978 1259 2042 abusa
1281 1977 1356 2042 fisco

216 2087 272 2162 est,
305 2087 481 2165 quantoque
512 2087 641 2167 sumptu
671 2088 764 2165 atque
792 2084 879 2147 cultu
909 2085 1018 2166 regina
1043 2086 1166 2165 poterat
1192 2087 1224 2148 ot
1249 2084 1356 2166 religio

216 2187 376 2268 suadebat,
407 2188 576 2252 aedificatis
600 2187 737 2252 basilicis
762 2188 898 2252 contexit
920 2206 1029 2252 omnes
1052 2191 1084 2251 ct
1108 2187 1240 2252 excoluit
1262 2188 1356 2267 locos,

216 2292 375 2373 inquibus
397 2293 547 2356 salutaria
566 2293 655 2357 nobis
677 2293 827 2376 mysteria
848 2293 974 2374 pietatis
995 2310 1070 2356 suae
1086 2291 1309 2355 incarnationis
1327 2295 1358 2354 ct

217 2396 370 2477 passionis
402 2400 433 2460 et
461 2397 697 2461 resurrectionis
729 2401 822 2478 atque
850 2397 1040 2460 ascensionis
1071 2397 1275 2460 sacramentis
1303 2396 1357 2459 do-

159 2522 191 2560 00
217 2501 318 2564 minus
350 2501 528 2583 redemptor
560 2502 742 2583 inpleuerat.
782 2503 896 2565 mirum
928 2519 1002 2565 uero
1037 2501 1119 2565 inter
1152 2502 1240 2581 haec,
1276 2501 1356 2582 quod

216 2604 246 2667 in
280 2604 411 2668 basilica
444 2606 635 2669 ascensionis
670 2607 756 2670 locus
790 2606 842 2669 1110
877 2609 1010 2685 tantum,
1046 2605 1083 2669 do
1114 2623 1174 2688 quo
1208 2606 1239 2669 in
1274 2605 1357 2669 nube

216 2712 379 2791 susceptus
402 2710 586 2789 ascendit,
618 2711 805 2792 captiuam
829 2711 861 2774 in
885 2728 942 2774 sua
964 2728 1058 2774 carne
1080 2710 1218 2773 ducens
1243 2710 1358 2792 capti·

216 2812 376 2876 uitatem
407 2817 586 2893 nostram,
619 2815 662 2877 ita
692 2818 832 2877 sacratus
860 2814 975 2878 diuinis
1003 2815 1145 2897 uestigiis
1173 2814 1292 2884 dicitur,
1323 2817 1359 2878 nt

218 2934 389 2997 numquam
413 2918 478 3000 tegi
505 2934 660 2982 marmore
688 2922 743 2982 aut
764 2919 865 3001 pauiri
890 2919 1040 3001 receperit
1067 2937 1191 3001 semper
1221 2920 1358 2982 excussis

166 3041 192 3081 as
218 3020 282 3082 solo
312 3025 479 3102 respuente
510 3040 590 3104 quae
624 3040 736 3086 manus
771 3023 942 3086 adornandi
973 3023 1075 3086 studio
1105 3023 1273 3105 temptauit
1304 3023 1359 3086 ad-

321 3272 367 3340 ar]
386 3272 445 3326 aa.
461 3275 484 3337 r,
497 3276 527 3335 o;
545 3273 612 3342 aph.
626 3275 650 3338 r,
663 3277 693 3336 a;
712 3273 756 3328 rs.
769 3276 793 3338 o,
809 3275 848 3329 ro.

262 3509 377 3576 3pepat
395 3509 432 3562 M
499 3508 634 3577 5nephas
653 3510 737 3565 FPU
800 3510 999 3564 boonstantini
1017 3510 1060 3565 L¹
1126 3511 1308 3581 7promeruit
1324 3514 1362 3567 M

220 3595 236 3648 8
253 3593 405 3647 ierosolimd
423 3596 464 3664 M,
481 3594 681 3649 hierosolimam
699 3596 814 3664 FOPU,
837 3597 1038 3651 hierusolimam
1056 3599 1082 3653 L
1153 3603 1169 3655 9
1194 3616 1359 3667 conregnans

220 3679 356 3748 Augustae
375 3698 436 3735 eum
454 3682 567 3750 rogabat
584 3685 691 3752 scripsi,
720 3683 900 3752 conregnabat
919 3685 1055 3753 FOPUo,
1083 3702 1144 3739 eum
1167 3687 1273 3755 rogauit
1290 3687 1359 3754 LM,

221 3783 285 3835 qnae
303 3768 427 3836 Augusta
445 3785 506 3822 cum
524 3769 580 3822 fllio
600 3770 780 3838 conregnabat
797 3788 858 3824 cum
877 3773 984 3840 rogauit
1001 3774 1113 3828 Lebma
1130 3774 1277 3830 nomadum
1297 3775 1360 3829 Sal-

217 3857 322 3923 picium
342 3857 470 3911 Seuerum
488 3858 526 3910 II
539 3875 560 3912 c.
573 3861 616 3925 33,
635 3856 720 3910 filium
739 3857 852 3926 rogabat
870 3875 931 3912 cum
950 3874 1001 3927 quo
1018 3858 1154 3928 hugurstae
1173 3862 1279 3913 nomine
1298 3876 1360 3913 con·

221 3941 349 4009 regnabat
367 3944 531 4010 00011100,
550 3942 636 3996 filium
648 3944 760 4012 rogabat
772 3947 841 4000 coni.
860 3945 995 4000 Cauchius
1050 3949 1080 4000 ll
1099 3947 1271 4000 monimentis
1283 3946 1365 4002 ΡΜ

223 4029 253 4081 13
265 4028 428 4084 redderetO
480 4031 584 4083 tantem
596 4030 638 4084 L¹
693 4033 725 4085 14
737 4031 890 4099 itaque-l.
906 4035 937 4086 17
949 4031 1020 4084 locos
1034 4034 1130 4087 001οΔ
1189 4034 1362 4102 prumptoO

223 4117 253 4169 18
272 4118 299 4167 01
316 4133 368 4171 om.
387 4116 425 4170 M
486 4118 518 4172 19
537 4118 564 4169 01
582 4135 631 4173 om.
646 4118 683 4171 M
744 4117 903 4171 assensionis
921 4119 979 4174 PU
993 4125 1018 4173 et
1035 4121 1121 4188 infra,
1144 4121 1317 4174 escenssionis
1334 4121 1361 4176 L

221 4202 254 4255 24
271 4201 359 4270 pauiri
382 4202 433 4271 Oo,
456 4203 547 4271 pauori
565 4203 654 4271 FPU,
678 4204 855 4272 pauimentari
874 4206 939 4260 LM
1006 4206 1146 4276 receperit]
1165 4207 1284 4276 potuerit
1300 4209 1365 4263 LM

222 4289 254 4343 25
272 4287 392 4342 studium
411 4293 468 4357 (um
485 4292 517 4344 ia
534 4290 600 4358 ras.)
618 4290 645 4345 L
