3036 4770
158 293 179 354 (ἶ
494 307 520 362 S.
534 306 666 361 Paulini
685 306 806 361 Nolani
825 305 970 374 episcopi

158 486 324 549 stultitiam
337 488 477 547 nostram
490 483 675 565 relinquant.
693 482 731 545 de
743 482 840 564 ipsius
853 481 959 560 etiam,
972 499 1064 563 quem
1079 481 1138 544 etsi
1149 480 1299 544 nomine

158 588 406 668 confitentur,
431 590 555 651 tamen
571 589 656 651 actu
672 588 826 669 negant,
849 583 1033 649 habentes
1049 583 1209 667 speciem
1224 584 1300 665 pie-

158 693 264 774 tatis,
291 692 472 757 uirtutem
501 692 580 755 eins
609 689 855 773 abnegantes,
883 689 921 752 de
948 689 1056 771 ipsius,
1083 690 1222 770 inquam,
1250 687 1300 751 dei

159 797 256 863 nostri
278 796 382 860 uerbis
405 796 604 879 prudentiam
627 793 697 874 sibi,
721 795 747 857 si
770 794 882 876 placet,
906 793 1058 876 adrogent
1079 797 1112 856 et
1131 792 1299 856 stultitiam

159 901 248 967 nobis
272 900 466 984 exprobrent.
491 900 535 963 ait
558 901 642 963 enim
665 898 823 962 dominus:
851 897 926 961 lilii
947 897 1056 961 huius
1079 896 1221 960 saeculi
1245 912 1300 959 sa·
1339 922 1352 962 ⁵

159 1005 363 1089 pientiores
394 1007 482 1068 sunt
512 1003 606 1067 filiis
636 1003 746 1081 lucis,
781 1002 836 1065 sed
866 1001 991 1066 adiecit:
1026 1002 1063 1064 in
1093 1000 1161 1064 hac
1190 1018 1301 1084 gene·

159 1109 315 1173 ratione.
343 1109 406 1173 sint
432 1107 660 1190 prudentiorne,
688 1105 762 1170 dum
791 1123 853 1170 non
877 1106 941 1169 sint
963 1104 1017 1169 filii
1039 1105 1128 1168 lucie.
1153 1105 1216 1167 sint
1238 1121 1301 1168 una

159 1213 404 1295 generatione
438 1213 642 1295 sapientes,
677 1211 751 1275 dum
785 1211 816 1274 in
847 1210 901 1274 illa
931 1209 1164 1293 regeneratione
1194 1212 1302 1273 nostra

160 1318 362 1383 inueniantur
384 1316 540 1380 excordes.
565 1316 629 1379 sint
651 1332 733 1379 nunc
756 1313 840 1378 beati
863 1315 913 1379 nel
937 1315 1037 1397 magis
1059 1313 1219 1393 fortunati,
1246 1332 1301 1395 per

160 1424 265 1487 onrnia
286 1438 436 1505 prospera
455 1419 635 1483 blandiente
652 1420 776 1482 saeculo
792 1417 976 1498 defluentes,
999 1417 1147 1482 mollibus
1163 1417 1301 1481 nestian-
1329 1443 1354 1481 ιο

160 1532 220 1606 tur,
248 1526 280 1589 in
308 1523 453 1588 domibus
480 1542 590 1607 regum
618 1523 691 1603 sint,
722 1523 798 1586 dum
825 1523 857 1586 in
888 1521 1080 1586 laboribus
1111 1521 1301 1586 hominnm

161 1648 231 1695 non
254 1630 331 1693 sint
354 1632 390 1692 et
412 1645 493 1691 cum
514 1627 728 1691 hominibus
744 1644 814 1690 non
830 1627 1087 1709 flagellentur.
1110 1626 1175 1690 sint
1189 1626 1301 1691 diuites

161 1734 295 1814 saeculo,
319 1733 392 1815 qnia
408 1735 481 1796 sunt
501 1735 629 1815 egentes
646 1731 706 1810 dei,
730 1731 766 1794 de
783 1730 895 1812 quibus
911 1731 1061 1814 scripturn
1078 1735 1140 1795 est:
1164 1732 1301 1795 diuites

161 1841 345 1921 riguerunt
379 1840 414 1900 et
449 1836 677 1915 esurierunt,
713 1835 792 1899 sicut
822 1835 859 1898 de
889 1835 979 1900 nobis
1009 1835 1080 1900 ilico
1111 1835 1301 1900 subiectum:

162 1943 396 2025 inquirentes
413 1944 536 2004 autem
553 1939 740 2004 dominum
756 1958 826 2003 non
842 1939 1069 2027 deficientur
1084 1940 1182 2003 omni
1196 1938 1301 2002 bono.
1330 1963 1355 2001 rs

205 2046 235 2110 8.
258 2046 398 2123 Vtinam,
422 2044 465 2106 mi
480 2043 586 2124 frater,
607 2043 692 2127 digni
707 2043 878 2107 habeamur
893 2044 946 2125 qui
962 2044 1185 2107 maledicamur
1201 2048 1233 2106 et
1247 2059 1302 2106 no-

162 2155 265 2215 temur
289 2152 320 2212 et
342 2152 539 2213 conteramur
563 2151 657 2229 atque
680 2148 777 2211 etiarn
796 2146 1020 2212 interficiamur
1040 2148 1073 2212 in
1089 2147 1215 2211 nomine
1228 2145 1302 2210 Iesu

162 2253 288 2333 (lhrieti,
312 2252 387 2316 dum
410 2269 473 2316 non
496 2252 562 2335 ipse
586 2251 742 2316 occidatur
758 2250 902 2316 Christus
922 2252 953 2315 in
969 2251 1068 2315 nobis.
1092 2256 1160 2315 tum
1176 2249 1302 2313 demum

163 2376 275 2441 super
298 2356 465 2439 aspidem
493 2359 528 2419 et
555 2355 775 2420 basiliscum
799 2355 1076 2420 ambularemus
1100 2359 1136 2420 et
1158 2353 1303 2418 concul-

163 2480 331 2526 caremus
347 2464 458 2543 caput
474 2459 645 2524 draconis
662 2461 790 2543 antiqui.
807 2461 862 2525 sed
877 2461 977 2525 adhuc
993 2461 1102 2541 amico,
1118 2459 1199 2543 qnod
1213 2459 1303 2543 peius
1329 2483 1357 2523 so

164 2570 220 2646 ast,
243 2566 367 2629 saeculo
383 2565 534 2630 soluimur
550 2564 628 2630 etin
645 2564 768 2631 Christo
784 2566 972 2645 deliciamur,
995 2565 1114 2629 landari
1129 2568 1254 2628 tantum
1269 2563 1302 2627 in

164 2670 289 2735 nomine
312 2670 408 2753 ipsius
432 2672 586 2750 amantes,
610 2670 787 2734 contristari
804 2674 836 2735 et
850 2671 1001 2749 tribulari,
1025 2669 1106 2751 quod
1122 2673 1171 2733 est
1184 2669 1302 2748 utilius,

164 2777 354 2838 recusantes.
382 2778 541 2838 memento
570 2792 703 2858 granum
731 2775 863 2857 sinapis,
889 2775 926 2838 de
953 2792 1013 2856 quo
1041 2774 1160 2837 semine
1183 2790 1302 2851 snmus,

164 2877 190 2942 ei
212 2880 401 2957 conteratur,
425 2878 553 2942 accendi
576 2879 678 2962 magis
702 2882 731 2943 et
754 2881 822 2942 tum
845 2879 972 2942 demum
995 2878 1028 2942 in
1050 2877 1116 2941 uim
1139 2895 1228 2941 suam
1252 2895 1303 2940 ex·

164 2981 260 3045 citari.
295 2981 500 3062 quamobrem
528 2983 677 3047 debemus
706 2984 795 3064 quasi
821 2987 950 3047 naturae
974 2986 1098 3047 nostrae
1119 2983 1151 3046 in
1173 2982 1232 3046 hoc
1254 3001 1303 3045 re·
1330 3006 1356 3044 as

164 3086 326 3168 spondere,
347 3091 383 3149 ut
398 3086 537 3151 aduersis
553 3087 748 3152 sermonibus
764 3087 889 3152 contriti
905 3087 1138 3152 inardescamus
1154 3086 1193 3150 ad
1208 3085 1302 3150 fidem

272 3239 298 3308 1]
317 3239 369 3293 ro.
384 3242 406 3303 1,
422 3242 466 3303 ra
489 3239 518 3293 11
536 3240 603 3294 rim.
617 3243 642 3304 e,
656 3245 680 3296 5.
751 3241 779 3311 5]
798 3241 861 3296 Luc.
882 3244 922 3305 re,
940 3243 964 3299 e.
1037 3242 1081 3312 ro]
1100 3242 1206 3311 (Manu
1221 3244 1261 3305 11,
1274 3244 1303 3304 a;
1342 3213 1349 3222 ”

165 3323 330 3467 ξίορἒμῗὲ)
403 3327 447 3395 n]
466 3325 509 3380 rs.
524 3329 566 3391 m,
579 3332 603 3383 5.
671 3328 714 3398 13]
733 3328 777 3382 rs.
790 3331 831 3392 33,
846 3331 886 3384 11.
954 3327 998 3397 re]
1018 3327 1192 3397 (ocean).
1259 3327 1303 3434 ro]

212 3553 363 3605 lnostram
383 3551 459 3605 nobis
478 3553 563 3609 FPU
628 3553 715 3608 4sibi
732 3555 755 3607 si
778 3555 808 3624 0,
832 3554 854 3606 si
877 3554 928 3608 sibi
947 3556 1015 3622 ΒΜ,
1039 3555 1089 3609 sibi
1107 3555 1193 3610 FPU
1258 3553 1304 3608 ab·

169 3639 264 3704 rogent
281 3638 369 3707 FOP,
388 3637 518 3707 abrogens
541 3641 568 3694 U
616 3641 792 3711 5exprobem
814 3641 1008 3710 Uesprobent
1021 3644 1048 3697 P
1099 3640 1196 3695 saeculi
1214 3658 1264 3697 om.
1277 3642 1304 3696 L

168 3724 371 3791 bgenoratione
389 3724 439 3778 hac
457 3727 495 3780 M
561 3729 676 3796 lpostr.
690 3727 756 3797 sint]
776 3727 818 3782 sin
835 3730 861 3783 U
928 3729 1109 3795 unaFOPU,
1127 3728 1155 3781 in
1173 3728 1223 3781 hae
1235 3728 1303 3795 LM,

166 3827 214 3864 sua
231 3830 255 3876 c,
274 3810 301 3864 in
319 3828 350 3864 ea
368 3814 431 3880 fort.
485 3813 574 3867 9sint
592 3818 732 3870 nunc—l.
745 3821 778 3870 13
796 3816 925 3885 scriptum
942 3818 983 3869 ost
1000 3817 1063 3871 add.
1082 3816 1104 3870 0
1122 3820 1186 3871 aa2
1203 3818 1235 3870 in
1252 3833 1304 3885 mg.

168 3901 200 3953 10
217 3896 370 3951 blandiente
389 3900 486 3966 Romu,
508 3899 671 3955 blandientis
688 3902 769 3967 ΡΜ,
792 3902 960 3957 blandientes
982 3910 1028 3958 cet.
1096 3905 1125 3958 11
1151 3901 1304 3956 dum-non

166 3983 220 4036 sint
237 4001 287 4038 om.
302 3985 386 4039 FPU
437 3988 468 4041 12
482 3994 553 4055 post.
573 3988 614 4040 sin
641 3991 668 4044 U
718 3992 751 4045 13
775 3991 820 4057 qui
839 3992 877 4045 M
927 3993 959 4045 14
977 3989 1130 4043 errrrierunt
1152 3991 1222 4044 Uul
1239 3991 1304 4044 solet

168 4073 200 4124 15
213 4069 337 4123 ‹leticient
349 4070 425 4125 ΗΜ
475 4076 505 4127 17
520 4075 638 4143 nominc]
652 4075 697 4128 ddi
709 4078 821 4131 addo!
871 4081 903 4134 18
916 4077 1016 4132 Christi
1029 4079 1130 4133 om.M
1181 4079 1213 4132 19
1226 4093 1305 4145 supra

167 4157 252 4210 FPU
299 4155 464 4211 badaliscum
482 4160 508 4213 U
557 4163 588 4215 21
605 4167 674 4229 post.
690 4161 729 4231 in]
748 4163 816 4216 etin
832 4166 859 4219 U
908 4165 1061 4220 utereturi
1075 4164 1102 4217 in
1115 4164 1171 4216 uirn
1184 4164 1309 4219 suamM

166 4245 200 4296 26
218 4242 260 4310 ut]
279 4243 305 4295 in
330 4245 356 4298 U
405 4245 580 4298 contrititiO
