3052 4784
584 332 728 402 epistula
745 331 845 396 XXV‘,
865 351 885 387 c.
905 336 981 388 2-4.
1290 315 1354 381 233

216 527 291 572 num
308 509 374 572 eius
390 508 544 587 inriserat,
569 508 649 590 quod
665 507 860 591 utrummuel
879 510 910 572 in
933 526 967 571 eo
983 509 1104 573 lacinus
1122 510 1226 592 lingua
1245 527 1354 590 pecea-

216 618 315 693 uerat,
338 630 400 677 non
423 612 564 696 cogitans
587 630 685 676 unum
707 612 766 676 sibi
789 619 821 677 et
842 614 969 695 pauperi
991 613 1081 676 deum
1109 617 1277 677 creatorem
1301 614 1353 676 sed

215 717 348 782 eundem
363 717 625 800 indulgentiorem
646 718 774 799 pauperi
797 722 928 801 patrem,
952 718 1004 799 qui
1021 718 1138 781 resistit
1160 717 1301 800 superbis
1324 721 1355 783 et

215 821 384 886 humilibus
405 822 458 885 dat
472 822 617 904 gratiam.
650 839 710 885 non
732 821 921 904 cogitauerat
943 821 1000 884 sibi
1022 822 1188 903 scriptum:
1212 823 1271 903 qui
1294 822 1356 885 dat

175 954 189 992 a
215 927 372 1009 pauperi
394 926 540 990 domiuo
564 927 724 1005 fenerat,
755 929 786 989 et
813 926 939 989 iterum:
978 926 1039 1007 qni
1062 927 1154 989 facit
1181 926 1355 990 iniuriam

215 1031 370 1114 pauperi
394 1030 591 1094 exacerbat
613 1030 733 1109 deum,
765 1030 824 1111 qui
848 1030 939 1094 fecit
961 1030 1077 1093 illum.
1117 1030 1185 1094 ideo
1208 1030 1299 1093 elatus
1322 1030 1354 1093 in

216 1134 373 1198 infernum
394 1134 476 1198 siout
490 1133 573 1198 filius
589 1135 750 1217 gehennae
772 1133 858 1196 audit
872 1132 1033 1197 Abraham
1053 1133 1203 1216 refrigerii
1219 1136 1355 1215 patrem:

216 1239 289 1319 lili,
322 1238 532 1318 recordare,
568 1238 654 1319 quia
687 1237 865 1320 recepisti
898 1237 994 1301 bona
1027 1238 1062 1301 in
1098 1238 1176 1301 uita
1209 1242 1285 1317 tua,
1321 1242 1357 1302 et

215 1343 376 1407 Lazarus
408 1342 585 1406 similiter
616 1343 725 1421 mala,
761 1360 857 1405 nnnc
888 1344 1009 1405 autem
1038 1342 1098 1405 hic
1130 1343 1355 1421 consolatur,

164 1474 190 1513 ιο
216 1451 255 1510 tu
280 1464 365 1510 uero
389 1446 578 1510 cruciaris.
602 1450 766 1528 propterea
785 1445 898 1509 iterum
915 1445 988 1508 dicit
1005 1446 1036 1509 iu
1054 1445 1230 1528 euangelio:
1255 1446 1356 1508 beati

215 1553 402 1636 lugentes,
433 1551 605 1632 quoniam
632 1551 703 1633 ipsi
730 1549 1040 1629 consolabuntur,
1079 1555 1110 1613 et
1133 1554 1243 1614 contra
1266 1550 1355 1613 dicit:

215 1676 283 1722 uae
313 1656 535 1735 ridentibus,
566 1657 650 1737 quia
680 1657 751 1739 ipsi
782 1656 977 1740 lugebunt!
1015 1656 1086 1719 inde
1114 1660 1145 1720 et
1167 1656 1270 1720 Dauid
1298 1655 1355 1718 ait:

216 1762 278 1845 qni
308 1761 496 1825 seminant
523 1760 559 1824 in
586 1761 752 1824 lacrimis
782 1761 817 1824 in
844 1760 978 1843 gaudio
1006 1765 1156 1824 metent.
1197 1764 1228 1824 et
1250 1759 1357 1823 lloclo·

216 1866 327 1930 eiastes
355 1865 422 1947 pari
449 1865 516 1928 iure
543 1865 732 1947 pronuntiat,
763 1866 836 1946 quia
863 1865 996 1928 melius
1025 1869 1082 1929 est
1108 1865 1160 1927 ire
1188 1865 1224 1928 iu
1252 1866 1356 1928 domo

165 1995 190 2035 n
215 1970 354 2049 luctus,
385 1969 443 2032 hoo
471 1973 520 2032 est
544 1968 599 2032 ubi
624 1969 655 2032 in
679 1969 856 2032 hnmilitate
883 1969 983 2032 cordis
1007 1968 1206 2032 contribulati
1229 1972 1358 2051 peecata

216 2073 385 2155 praeterita
408 2073 536 2137 medicis
559 2073 695 2137 luctibus
719 2073 886 2145 diluantur,
915 2091 1022 2154 quam
1046 2074 1081 2135 in
1106 2073 1210 2136 ‹lomo
1233 2074 1357 2155 epula-

216 2179 347 2258 tionis,
378 2177 409 2242 id
437 2182 486 2242 est
512 2177 566 2241 ubi
588 2196 644 2259 per
670 2177 945 2258 intemperantiam
974 2181 1006 2240 et
1027 2178 1135 2240 lunum
1162 2178 1262 2259 magis
1286 2195 1357 2259 peo-

216 2286 286 2347 eata
308 2284 444 2347 aeternis
466 2281 591 2366 ignibus
614 2281 771 2364 punienda
794 2281 1003 2345 cumulentur.

259 2385 289 2450 4.
314 2385 361 2451 Ob
385 2387 453 2466 hoc,
481 2385 644 2450 benedicte
667 2384 721 2463 fili,
749 2385 839 2465 cupio
863 2388 894 2447 te
917 2385 1097 2467 resipiscere
1121 2384 1159 2448 ab
1185 2402 1289 2449 amore
1312 2388 1358 2447 te-

164 2518 191 2556 ro
217 2490 386 2555 nebrarum
407 2495 438 2554 et
453 2491 491 2554 ab
508 2490 618 2553 erroris
639 2489 768 2553 humani
785 2489 938 2553 consortio
960 2489 1106 2570 separari,
1130 2489 1184 2570 qui
1205 2489 1357 2571 seriptum

218 2595 314 2658 nosti:
345 2595 479 2658 beatus
501 2594 568 2674 uir,
599 2595 754 2674 quinon
782 2593 877 2657 abiit
904 2594 940 2657 in
964 2593 1121 2658 consilio
1150 2593 1357 2675 impiorum.

219 2699 245 2762 si
268 2699 352 2762 enim
374 2699 529 2780 particeps
553 2698 631 2763 uelis
655 2717 724 2762 esse
746 2716 864 2778 eornm,
888 2699 941 2780 qui
964 2698 1055 2763 modo
1079 2697 1236 2761 seminant
1258 2697 1290 2760 iu
1313 2696 1359 2759 la·

218 2802 338 2881 animis,
369 2802 470 2867 socius
493 2802 661 2867 eorundem
685 2803 745 2866 orie
773 2803 804 2865 in
828 2802 874 2866 elie
897 2801 1170 2880 remunerationis,
1201 2802 1274 2882 qnia
1300 2819 1358 2863 ue-

220 2906 364 2971 nientes
394 2907 494 2970 sancti
523 2906 677 2970 uenient
703 2906 739 2969 in
763 2907 997 2970 exultatione
1022 2909 1217 2987 portantes
1245 2904 1359 2968 urani·

165 3038 192 3076 aa
219 3010 325 3091 pulos
346 3029 440 3074 enos
465 3029 543 3092 quae
564 3030 637 3074 uero
657 3011 726 3092 quis
746 3012 778 3074 in
798 3011 856 3074 hac
877 3010 944 3074 uita
964 3011 1175 3090 seminauerit,
1199 3008 1306 3072 eadem
1326 3009 1358 3072 in

220 3114 274 3177 illa
297 3118 402 3179 metet.
435 3115 503 3178 ideo
527 3115 602 3178 dicit
625 3114 797 3196 apostolus:
833 3114 895 3194 qui
931 3115 1091 3177 seminat
1119 3113 1157 3177 in
1185 3131 1293 3176 carne
1317 3113 1358 3176 de

219 3237 328 3282 carue
344 3223 461 3283 metet
476 3219 768 3301 corruptionem
785 3218 846 3299 qui
859 3223 981 3281 autem
997 3219 1159 3281 seminat
1173 3217 1209 3281 in
1221 3218 1358 3300 spiritu

322 3435 350 3504 2]
369 3434 458 3500 (Pron.
470 3436 513 3496 22,
523 3436 557 3502 2).
606 3434 635 3502 3]
654 3434 743 3501 (Prou.
754 3436 778 3496 3,
789 3435 836 3497 34;
855 3434 909 3489 lac.
919 3437 943 3497 4,
954 3437 983 3493 6;
1001 3435 1098 3488 IPetr.
1110 3439 1134 3498 5,
1145 3434 1179 3501 5).
1232 3435 1262 3503 4]
1280 3435 1359 3487 Pron.

221 3525 311 3585 lala.
366 3522 394 3590 5]
412 3522 491 3574 Prou.
507 3524 546 3580 14.
561 3524 602 3576 31.
656 3521 683 3590 8]
703 3521 766 3574 Luc.
782 3524 821 3583 16,
835 3524 876 3577 25.
934 3521 977 3590 lo]
996 3522 1091 3575 Matth.
1105 3526 1129 3585 5,
1143 3525 1167 3575 5.
1233 3521 1359 3589 12]an

219 3612 243 3673 6,
256 3612 297 3664 25.
363 3608 406 3677 13]
425 3609 468 3662 Pe.
485 3611 541 3673 126,
555 3611 578 3663 5.
639 3608 683 3677 16]
702 3607 772 3661 Eccl.
787 3611 811 3672 7,
824 3611 848 3663 2.
904 3608 948 3677 21]
968 3609 1086 3671 Ps.1,1.
1141 3607 1187 3676 23]
1207 3608 1250 3661 Pe.
1265 3611 1322 3670 126,
1336 3611 1359 3662 6.

219 3696 265 3764 26]
284 3695 343 3752 Gal.
356 3697 381 3759 6,
394 3697 417 3750 8.

264 3892 275 3943 1
305 3891 448 3954 utrumque
476 3885 563 3955 Cuep,
591 3894 681 3938 utrum
710 3904 736 3940 m
808 3885 908 3938 lacinus
938 3904 963 3939 m
1033 3888 1049 3940 3
1072 3885 1117 3952 qui
1144 3883 1232 3953 Creop,
1261 3900 1311 3951 qrre
1334 3902 1360 3937 m

219 3978 235 4030 6
262 3978 401 4027 exaceruat
428 3993 453 4028 m
524 3977 539 4028 7
567 3977 641 4042 patre
669 3992 695 4026 ru
748 3976 765 4028 8
787 3973 836 4025 filii
860 3991 885 4027 aa
958 3976 989 4028 10
1016 3987 1077 4024 uero
1101 3990 1135 4036 ru,
1164 3975 1253 4024 autem
1281 3970 1359 4040 casp.

221 4064 252 4118 13
271 4066 394 4116 metetm
438 4059 618 4114 aecclesiastes
632 4078 658 4114 m
704 4062 735 4113 14
755 4060 792 4113 ire
806 4059 901 4113 melius
914 4068 954 4113 est
970 4059 1049 4128 Coep.
1097 4062 1128 4114 lo
1147 4058 1361 4127 aepulatiouism

221 4195 251 4247 17
270 4190 297 4244 id
317 4196 358 4244 est
379 4189 468 4260 anp,
487 4196 513 4242 et
532 4208 557 4243 m
628 4192 660 4245 18
679 4154 819 4243 οέιιΙΘιιῐιιτ
836 4209 863 4243 m
933 4192 965 4244 21
985 4187 1072 4242 habiit
1090 4207 1117 4243 m
1187 4191 1220 4244 22
1240 4187 1317 4242 uellis
1335 4207 1361 4242 m

218 4280 253 4335 23
271 4277 414 4332 earundem
433 4296 459 4332 m
512 4276 555 4348 die
574 4294 600 4331 m
654 4277 687 4331 26
705 4275 750 4330 ido
769 4295 795 4330 ra
