3036 4770
483 342 630 414 epistula
647 343 684 407 11,
697 360 718 397 e.
732 345 814 408 3-4;
832 343 882 406 III,
896 361 917 398 c.
933 346 955 400 I.
1252 327 1290 392 13

152 524 188 583 ut
208 523 298 583 tuum
322 537 358 585 ac
381 524 485 584 tecum
508 525 689 585 manentem
714 520 895 603 spiritaliter
917 521 1026 585 uidene
1050 539 1086 585 ac
1108 524 1219 585 tenens
1243 521 1290 585 in-

154 628 238 688 strue
265 623 340 688 iuna
366 624 490 689 hortare
517 624 676 689 confirma.
716 624 754 689 de
780 624 870 690 nobis
898 624 981 689 enim
1009 630 1042 690 et
1068 645 1123 709 per
1150 644 1205 690 uos
1233 627 1290 691 deo

153 731 243 792 natus
258 727 290 792 in
307 727 430 793 Christe
447 732 553 793 uestra
564 729 763 812 potissimum
775 747 850 794 cura
861 748 930 793 esse
942 729 1049 810 debeo,
1066 731 1139 813 quia
1150 734 1290 795 nestum

153 830 364 915 obprobrium,
388 833 414 896 si
435 833 593 918 indignus,
617 837 673 898 aut
694 837 836 898 uestrum
859 834 1007 917 gaudium
1028 852 1090 916 ero,
1114 835 1140 899 si
1157 854 1192 899 er
1208 836 1290 901 fruc·

113 963 128 1002 e
155 935 237 1000 tibus
260 935 350 1002 bonis
373 940 496 1002 uestrae
520 937 638 1003 arboris
661 956 767 1003 ramus
791 957 859 1003 esse
882 956 1060 1023 cognoscar.

690 1146 749 1211 III.

205 1287 337 1351 Douma
359 1307 478 1349 nnmro
500 1305 692 1350 nononnnnn
713 1308 754 1348 nr
776 1307 971 1350 nnsrrseruo
994 1307 1086 1350 unsar
1108 1285 1230 1352 Anneio
1345 1353 1348 1359 ,

394 1391 554 1456 annrrsvs
576 1413 617 1453 nn
639 1389 806 1454 'inensem
829 1411 1041 1457 sucurrones.

198 1565 226 1629 1.
248 1565 336 1630 Haec
363 1567 413 1629 eet
438 1582 513 1629 uera
540 1564 664 1645 caritas,
691 1564 769 1630 haec
790 1565 930 1648 perfecta
952 1565 1086 1648 dilectio,
1114 1585 1208 1649 quam
1232 1568 1289 1633 tibi

101 1668 130 1733 ω’
152 1669 233 1733 circa
255 1669 468 1734 humilitatem
491 1672 631 1735 nostram
655 1669 757 1734 inesse
781 1669 922 1751 docuisti,
945 1670 1070 1735 domine
1093 1690 1167 1736 uere
1183 1676 1289 1737 sancte

153 1776 183 1838 et
213 1774 323 1838 merito
352 1774 535 1839 beatissime
569 1791 605 1838 ac
639 1773 863 1839 desiderabilis.
906 1776 1083 1859 accepimus
1118 1776 1201 1841 enim
1234 1797 1290 1861 per

152 1877 310 1943 hominem
333 1882 476 1943 nostrum
491 1879 650 1943 Iulianum
672 1879 710 1943 de
726 1878 915 1963 Carthagine
938 1884 1148 1945 reuertentem
1167 1881 1289 1946 litteras

152 1985 272 2047 1111111111
296 1982 384 2047 nobis
407 1983 583 2048 sanctitatis
606 1987 678 2048 tuae
700 1983 802 2047 lucem
827 1983 1014 2064 adferentes,
1042 1988 1077 2049 ut
1098 1985 1188 2049 nobis
1211 1986 1289 2050 cari·

152 2090 248 2151 tatem
271 2092 360 2151 tuam
382 2105 444 2152 non
468 2105 646 2172 agnoscere,
671 2087 725 2153 sed
748 2105 969 2172 recognoscere
992 2088 1178 2153 uideremus.
1217 2090 1289 2172 quie

103 2218 128 2255 15
154 2191 299 2256 uidelicet
322 2211 357 2255 ex
380 2191 443 2273 illo,
467 2193 520 2274 qui
543 2211 599 2257 nos
622 2193 661 2257 ab
685 2192 802 2276 origine
826 2193 935 2256 mnndi
957 2193 1203 2276 praedestinauit
1218 2194 1288 2275 sibi,

152 2296 265 2360 caritas
287 2296 348 2360 ieta
368 2296 519 2377 manauit,
542 2297 575 2361 in
598 2314 658 2379 quo
680 2296 754 2360 facti
777 2315 887 2361 sumus
911 2300 1080 2379 antequam
1103 2297 1179 2378 nati,
1203 2299 1289 2380 quia

152 2400 229 2483 ipse
253 2400 344 2464 fecit
366 2419 431 2465 nos
455 2404 491 2464 et
512 2418 583 2465 non
607 2401 681 2484 ipsi
704 2419 784 2481 nos,
807 2402 861 2483 qui
883 2400 959 2466 iecit
981 2418 1060 2483 quae
1082 2401 1188 2466 lutura
1203 2407 1286 2467 sunt.

151 2504 242 2568 huius
265 2505 359 2589 igitur
380 2505 585 2587 praescientia
608 2510 639 2570 et
661 2524 753 2589 opere
776 2505 901 2570 formati
923 2505 955 2569 in
977 2505 1214 2571 similitudinem
1233 2526 1287 2573 uo-

152 2608 311 2674 luntatum
341 2612 373 2673 et
403 2609 557 2674 unitatem
587 2608 660 2673 fidei
694 2611 743 2674 uel
778 2609 907 2674 unitatis
940 2609 1035 2675 fidem
1067 2611 1287 2694 praeueniente

255 2799 299 2868 15]
318 2799 395 2869 (cpe.
410 2801 432 2863 1,
445 2800 474 2862 a
492 2797 506 2852 1
524 2798 582 2853 eet.
597 2801 620 2863 1,
633 2800 667 2868 2).
724 2799 767 2868 re]
785 2799 829 2854 ns.
842 2802 885 2864 oe,
898 2801 921 2854 e.

195 2992 207 3045 l
221 2990 264 3059 ut]
277 2995 305 3044 et
316 2991 346 3045 F
382 2993 397 3046 5
410 2989 564 3060 cognoscar]
583 2990 669 3044 ualcte
687 2991 751 3046 add.
765 2991 854 3046 FPU.
868 3019 899 3029 -
913 2990 974 3044 fluit
991 2991 1181 3044 adamandam
1194 2991 1252 3045 1111
1265 2993 1289 3049 0

197 3077 574 3146 OFFMPUYmacydfbor.
595 3108 626 3116 -
645 3077 734 3131 XXIX
752 3077 875 3147 paulinus
893 3082 921 3131 et
939 3076 1055 3131 therasia
1073 3077 1107 3130 ad
1126 3077 1236 3146 alipium
1259 3080 1287 3148 0,

151 3166 211 3233 epla
226 3165 244 3220 i
258 3164 360 3234 paulini
384 3165 417 3218 ad
436 3166 453 3218 ἶ
479 3164 589 3234 alipium
612 3167 672 3234 epm
695 3164 740 3218 VI.
759 3167 800 3231 M,
819 3163 906 3233 alypio
928 3163 1052 3233 paulinus
1070 3166 1103 3231 P,
1122 3165 1288 3234 (1111110111ῖὼ

151 3251 250 3320 paulini
268 3250 302 3304 ad
320 3250 448 3321 alippium
467 3252 535 3322 epm.
554 3252 600 3306 ubi
618 3253 641 3304 ei
660 3252 760 3320 gratias
779 3250 859 3305 refert
875 3267 923 3320 pro
936 3251 1051 3319 qulnque
1063 3250 1140 3305 libris
1152 3253 1288 3320 augustini

151 3341 241 3391 contra
259 3338 411 3392 manicheos
430 3355 459 3392 ex
477 3339 611 3408 insperato
629 3338 680 3392 sibi
699 3338 793 3392 missis.
813 3337 859 3390 ubi
871 3338 952 3392 etiam
965 3338 1127 3392 mentionem
1140 3338 1206 3393 iacit
1217 3340 1288 3408 quod

149 3423 248 3478 librum
271 3425 304 3479 de
327 3425 490 3495 temporibus
517 3424 550 3479 ab
573 3424 679 3479 eusebio
702 3424 842 3479 cesariensi
865 3423 967 3478 dudum
985 3423 1087 3478 editum
1110 3425 1134 3478 ei
1156 3424 1288 3480 destinare

150 3511 283 3566 curauerit
299 3514 330 3579 U,
349 3513 410 3581 epla
422 3511 524 3581 paulini
536 3515 563 3566 et
580 3512 710 3566 therasiae
729 3511 763 3565 ad
781 3510 892 3580 alipium
911 3512 983 3579 ayla,
1001 3511 1062 3578 epla
1079 3511 1180 3580 paulini
1194 3512 1227 3566 ad
1240 3512 1288 3566 ali·

150 3599 222 3667 pium
245 3599 307 3668 epm
328 3598 436 3653 XVHII
458 3599 483 3668 ὅ,
510 3598 612 3668 paulini
635 3601 662 3652 ct
683 3598 798 3652 therasia
822 3597 856 3650 ad
879 3596 989 3666 alipium
1016 3596 1123 3651 XVIIII
1146 3602 1167 3667 s,
1194 3599 1289 3668 incipit

150 3687 194 3754 epl
217 3685 319 3754 paulini
337 3688 365 3739 et
382 3685 513 3739 therasiae
534 3685 568 3738 ad
589 3685 708 3754 alypium
728 3683 825 3737 XXXI.
850 3701 873 3752 φ
904 3713 930 3722 -
962 3686 977 3738 7
1003 3682 1083 3753 alipio
1109 3685 1289 3754 re‘fMecor

150 3770 246 3841 alippio
270 3774 296 3828 U
345 3772 503 3841 8paulinus
522 3771 690 3826 etherasiaG
741 3771 889 3827 9haecest
904 3772 949 3826 Ula
1003 3770 1108 3825 dilectio
1126 3771 1244 3841 perlecta
1266 3774 1293 3829 U

151 3861 183 3913 lo
194 3857 264 3928 uere]
277 3862 305 3912 et
316 3861 408 3915 uerat
453 3861 483 3915 11
498 3858 739 3912 desiderantissime
752 3858 786 3926 F,
800 3856 1022 3911 desideratissime
1039 3859 1098 3914 PU
1135 3861 1167 3913 12
1180 3857 1245 3912 dede
1268 3857 1291 3914 G

150 3944 284 4014 cartagine
308 3945 498 4014 suscepto,
523 3945 739 4000 earthachineO
791 3945 981 4001 moderantes
1000 3945 1086 4002 I’PU
1137 3947 1169 4001 14
1192 3961 1288 4013 cogno·

149 4032 342 4087 scereFPUY
393 4034 425 4087 15
444 4031 578 4086 uidadicet
596 4030 635 4101 φι
687 4030 894 4101 praedistinauit
916 4036 939 4083 Y
989 4030 1051 4101 sibi]
1071 4031 1131 4100 siy
1185 4034 1288 4086 1711011

149 4136 198 4173 om.
217 4120 244 4175 U
292 4121 441 4186 uenturas
499 4121 531 4176 18
549 4119 724 4188 praescientia
742 4137 792 4174 om.
806 4118 852 4187 df,
869 4118 1056 4187 praesentiay
1117 4117 1155 4186 et]
1175 4121 1289 4185 etqueb

149 4204 299 4274 iarmamf
362 4208 393 4262 19
412 4206 449 4275 et]
469 4208 535 4262 acb
599 4205 642 4259 uel
661 4205 773 4260 unitatis
791 4203 872 4258 fidem
890 4207 981 4273 omo,
999 4204 1146 4258 uoluntatis
1165 4203 1245 4258 tidem
1268 4210 1291 4257 Y

148 4291 396 4361 praeuenicntemc
