3036 4770
158 285 200 349 24
493 304 518 358 S.
531 304 664 358 Paulini
684 303 803 358 Nolani
821 304 965 374 episcopi
1021 265 1024 272 Ι

159 481 273 543 rimam
297 481 416 563 diligas,
455 481 556 562 gratia
578 481 627 544 dei
651 484 765 560 tecum,
788 483 823 544 ut
846 482 905 560 est,
928 480 961 543 in
984 482 1146 543 aeternnm
1169 480 1299 541 maneat

160 586 314 664 optamus,
342 582 438 647 frater
464 584 496 647 in
521 582 643 648 Christo
671 585 795 648 domino
823 584 971 648 unanima
999 580 1188 647 uenerabilis
1215 580 1300 645 desi·

160 685 386 751 derantissime.
425 691 523 752 totam
552 688 681 752 domum
709 693 739 753 et
766 706 893 753 ornnem
924 687 1071 752 comitem
1102 689 1133 750 et
1159 685 1300 750 aemula-

157 793 257 855 torem
280 791 313 854 in
337 791 462 855 domino
479 792 653 856 sanctitatis
669 794 741 857 tuae
756 792 891 874 plurimo
907 791 1113 856 fraternitatis
1129 789 1299 853 unanimae

158 895 332 959 salutamus
364 895 486 960 affectu.
525 914 639 979 panem
669 915 778 976 unum,
809 915 903 978 quom
926 885 1151 960 'unanimitatis
1181 893 1298 957 indicio

158 999 302 1065 misimus
326 1001 446 1065 caritati
471 1005 552 1080 tuae,
576 1019 722 1085 rogamus
745 1001 925 1083 accipiendo
948 999 1124 1065 benedicas.

706 1209 744 1273 V.

500 1345 626 1412 Snvnno
649 1368 763 1410 nanum
785 1346 954 1411 Pavmnvs.

204 1520 231 1584 1.
256 1519 296 1584 nt
323 1520 533 1585 excusandum
560 1522 689 1604 putasti,
717 1521 814 1585 frater
837 1519 1048 1600 dilectissime,
1075 1518 1156 1601 quod
1179 1519 1218 1583 ad
1240 1536 1299 1583 nos

159 1644 220 1690 non
243 1625 310 1706 ipse
340 1625 480 1689 uenisses
508 1626 680 1689 secundnm
703 1625 903 1708 sponsionem
926 1628 1013 1689 tuam
1037 1623 1301 1706 expectationem-

158 1747 217 1810 que
245 1731 406 1793 nostram?
434 1733 467 1793 tn
495 1747 569 1793 uero
596 1729 714 1813 potiore
742 1728 788 1793 tui
814 1734 902 1812 parte
930 1747 1023 1810 qnam
1050 1746 1112 1810 qna
1134 1728 1300 1807 manseris,

158 1834 223 1898 solo
246 1851 372 1917 corpore
396 1833 480 1897 domi
502 1834 652 1914 residens,
676 1834 838 1898 uoluntate
862 1834 901 1897 ad
923 1851 979 1897 nos
1003 1836 1035 1897 et
1056 1832 1166 1914 spiritu
1186 1835 1218 1895 et
1233 1849 1301 1895 ser-

159 1956 250 2003 mone
267 1939 395 2012 uenist13
416 1955 607 2020 quamquam
623 1957 662 2002 ne
678 1937 878 2021 corporaliter
893 1938 1019 2019 quidem
1033 1935 1156 2019 penitus
1172 1934 1300 2015 afueris,

158 2043 281 2125 quando
309 2043 341 2107 in
368 2042 473 2126 pneris
500 2042 563 2106 tuis
587 2045 696 2106 sancta
718 2042 750 2105 in
773 2043 898 2106 domino
921 2040 978 2105 tihi
1001 2040 1150 2104 seruitute
1173 2039 1299 2103 conexis

158 2147 293 2229 corporis
317 2147 355 2210 ad
378 2163 434 2210 nos
458 2146 504 2210 tui
526 2145 669 2210 mambra
690 2149 852 2210 uenerunt.
877 2143 1091 2227 quamobrem,
1113 2143 1209 2207 frater
1224 2161 1299 2206 nere

159 2254 265 2315 sancte
296 2252 407 2315 merito
438 2250 638 2314 dilectissime
670 2254 701 2314 et
727 2250 760 2314 in
784 2248 906 2314 Christo
935 2248 1022 2312 nobis
1046 2247 1204 2326 unanime,
1226 2246 1300 2310 tibi

157 2356 324 2438 reposita
346 2355 417 2419 iam
440 2355 477 2419 in
501 2355 615 2419 caelis
643 2358 700 2418 est
723 2371 858 2418 corona
880 2353 1017 2437 pietatis,
1045 2369 1152 2434 qnam
1175 2350 1298 2414 iustus

157 2459 267 2523 index
299 2458 429 2524 reddet
456 2460 492 2523 in
519 2459 586 2523 illa
613 2459 670 2522 die
696 2458 754 2522 tibi
782 2461 814 2523 ot
840 2456 985 2524 omnibus
1008 2456 1095 2520 iuxta
1116 2458 1147 2519 te
1169 2453 1299 2519 caritate

264 2665 308 2735 16]
327 2664 357 2719 11
369 2665 437 2720 nrm.
452 2667 477 2730 4,
489 2667 514 2721 a.

205 2857 217 2910 1
244 2854 345 2908 domini
368 2855 453 2911 FPU
520 2857 536 2910 2
559 2853 684 2925 Zptamus
707 2873 726 2922 y
796 2855 902 2908 dominc
925 2860 954 2922 Y,
976 2854 1004 2907 in
1027 2852 1178 2921 dominos,
1200 2853 1304 2908 ona-M

160 2941 295 2994 unianimo
314 2942 350 3009 (ia
366 2960 434 2998 corr.
448 2944 476 3011 y)
495 2945 546 3011 yn,
565 2960 615 2997 om.
635 2948 658 2994 Υ
716 2946 744 2994 et
761 2941 1004 2994 desiderantissime
1026 2945 1055 3007 Y,
1074 2938 1299 2993 desideratissime

159 3028 221 3094 PU,
239 3045 269 3082 ac
288 3028 328 3096 (ao
346 3047 397 3084 om.
411 3031 445 3098 φ)
464 3028 716 3082 desiderabilissime
734 3030 770 3083 M
773 3046 804 3097 φ,
824 3027 996 3081 dilectissime
1014 3046 1032 3079 α
1101 3029 1119 3082 4
1141 3025 1255 3095 plurima
1279 3030 1302 3077 Y

159 3115 281 3168 unanimi
303 3119 332 3184 Y,
350 3115 482 3169 unianimi
501 3134 526 3184 γ,
545 3115 680 3169 unianimo
698 3120 719 3166 θ
806 3115 978 3183 apariemf
1062 3113 1258 3168 unianimitatis
1281 3131 1300 3181 y

159 3199 293 3270 indiciof
359 3200 546 3271 6benedicas]
564 3201 624 3255 nale
642 3202 705 3256 add.
721 3202 826 3270 FP2U,
842 3219 897 3257 rae.
910 3205 979 3255 4-5
997 3202 1048 3256 litt.
1062 3202 1103 3255 M.
1131 3230 1164 3239 —
1191 3199 1300 3268 explicit

161 3289 223 3355 epla
239 3287 341 3357 paulini
359 3292 386 3343 et
404 3289 535 3343 therasiae
553 3288 587 3342 ad
605 3289 779 3357 augustinum
799 3288 854 3356 FF,
873 3286 980 3356 explicit
1001 3293 1030 3342 Υ.

203 3374 379 3431 FLMOPU.
400 3406 432 3414 —
450 3375 561 3444 Meropii
579 3375 680 3445 paulini
699 3375 814 3444 episcopi
832 3374 922 3428 nolani
941 3373 976 3428 ad
998 3390 1121 3427 seuerum
1139 3373 1300 3427 monachum

160 3460 270 3529 cpistola
293 3461 381 3530 prima
402 3462 497 3531 incipit
514 3462 550 3530 F,
577 3463 641 3516 itam
665 3461 776 3531 epistola
798 3460 916 3515 eiusdem
936 3460 969 3513 ad
994 3477 1116 3514 senarum
1134 3459 1243 3514 XVIII·
1265 3462 1300 3529 L,

64 3561 67 3567 ·
160 3546 194 3599 ad
206 3547 348 3616 sulpicium
361 3565 483 3602 seuerum
497 3577 502 3587 ·
514 3548 602 3602 XXVI
613 3577 618 3587 ·
630 3550 671 3616 M,
684 3549 817 3617 incipiunt
829 3547 954 3616 epistolae
967 3546 1005 3600 sin
1016 3547 1119 3617 paulini
1131 3547 1164 3600 ad
1178 3562 1301 3601 seuerum

163 3633 193 3701 Ο,
216 3635 378 3689 sanctissimi
401 3635 502 3704 paulini
523 3636 640 3704 episcopi
665 3634 754 3689 nolani
776 3633 948 3703 epistolarum
970 3632 1038 3687 liber
1055 3633 1186 3687 secundus
1205 3633 1302 3702 incipit

160 3720 194 3773 ad
221 3737 343 3774 senarum
371 3723 401 3778 U.
429 3752 462 3761 —
489 3724 614 3778 8senero
642 3721 719 3776 fratri
745 3721 869 3791 paulinus
897 3723 1020 3790 peccator
1045 3722 1076 3790 U,
1103 3735 1195 3774 seuero
1221 3719 1300 3774 fratri

158 3807 284 3875 paulinus
311 3810 338 3861 et
365 3808 480 3862 therasia
506 3814 655 3877 peccatores
684 3810 752 3878 LM,
780 3827 831 3865 om.
851 3808 934 3863 FOP
1001 3810 1017 3862 9
1045 3810 1073 3862 et
1099 3825 1149 3864 om.
1179 3807 1304 3863 FLMU

162 3897 191 3950 11
211 3898 286 3964 patro
309 3896 335 3950 U
389 3909 468 3962 qnam
487 3910 539 3962 qua
556 3898 626 3952 coni.
639 3897 762 3963 chran,
786 3910 866 3963 quam
889 3896 936 3962 Oc,
955 3910 1008 3963 qua
1025 3895 1060 3962 L,
1079 3893 1203 3962 quamuis
1220 3894 1306 3949 FPU

100 4004 106 4018 ·
160 3996 240 4048 quarn
258 3981 386 4034 manseris
410 4000 461 4037 om.
475 3983 512 4036 M
579 3984 611 4038 12
630 4000 675 4051 pr.
695 3986 722 4035 et
744 3982 838 4038 omU
906 3984 938 4037 13
961 3997 1010 4035 nac
1027 3981 1092 4035 ΕΜ
1150 3979 1300 4046 adueniat),

160 4066 276 4120 abfueris
294 4075 339 4124 cet.
402 4071 433 4122 14
452 4068 480 4121 in
498 4069 599 4137 pueris]
618 4072 649 4121 nt
667 4068 831 4136 imposueras
849 4068 905 4123 FP
920 4068 962 4135 (ut
979 4085 1000 4122 s.
1014 4069 1030 4123 l.
1044 4067 1081 4135 P)
1104 4068 1131 4121 U
1196 4064 1247 4119 tibi
1272 4065 1299 4118 in

161 4152 268 4207 domino
291 4154 322 4209 F
389 4155 517 4210 seruitute
543 4155 592 4209 tibi
616 4157 642 4211 U
710 4157 742 4210 15
765 4154 799 4208 ad
823 4172 870 4208 nos
889 4155 1005 4224 corporis
1024 4155 1064 4208 tui
1083 4154 1118 4221 F,
1140 4153 1174 4207 ad
1193 4168 1240 4206 nos
1260 4153 1300 4205 tui

163 4241 280 4308 corporis
297 4243 323 4297 U
375 4244 406 4296 17
425 4246 464 4295 est
483 4242 536 4294 iarn
555 4241 736 4312 incpfisLM
786 4241 981 4310 pietascorona
997 4242 1024 4297 U
1081 4243 1114 4296 18
1126 4239 1184 4309 illa]
1203 4238 1256 4292 alia
1276 4240 1304 4295 U
