3036 4770
655 336 833 390 Praefatio.
1210 334 1314 392 XXVII

214 511 291 576 Post
324 512 518 576 Lebrunium
551 513 677 577 Paulini
711 513 861 596 opuscula
898 513 950 576 diu
987 514 1106 577 intacta
1142 514 1315 595 iacuerunt,

171 617 270 681 donec
292 617 317 680 Ι.
336 616 594 681 Zachmeister
624 616 812 681 recensionis
840 635 946 680 curam
974 619 1006 681 in
1034 637 1067 681 se
1091 619 1237 701 suscepit,
1261 620 1313 700 qui

102 784 104 788 ,
170 721 248 784 dum
271 721 443 784 multarum
466 720 728 785 bibliothecarum
751 720 847 784 libros
871 721 1003 805 impigro
1030 721 1136 785 labore
1160 724 1315 804 conquirit

171 829 204 888 et
228 825 359 904 confert,
387 843 414 888 a.
434 822 519 887 1880
548 826 717 890 immatura
747 829 848 889 morte
875 825 1023 908 alureptus
1052 831 1109 890 est.
1148 826 1313 910 colligendi

171 947 298 1011 operam
321 929 353 993 in
377 928 568 993 carminibus
592 930 757 1009 nataliciis,
787 947 865 1011 quae
889 929 1044 1009 dicuntur,
1067 934 1137 994 tum
1159 932 1223 994 iam
1249 931 1314 995 fere

171 1033 352 1097 absolueret
384 1037 479 1115 atque
514 1034 739 1097 emendat-ionis
773 1033 871 1115 ipsius
905 1034 1078 1116 specimina
1109 1034 1210 1099 bonae
1248 1036 1314 1118 spei

169 1139 264 1221 plena
279 1138 310 1201 in
330 1137 441 1202 studiis
457 1137 591 1202 Vindob.
610 1156 636 1200 a.
658 1134 740 1199 1879
755 1137 979 1220 publicauerat.
1018 1138 1224 1221 epistularum
1239 1157 1313 1203 uero

170 1242 292 1306 codices
311 1243 476 1324 pleraeque
493 1241 629 1322 quidem,
650 1242 705 1305 sed
725 1259 787 1305 non
803 1260 912 1306 omnes
927 1242 1092 1306 inuenerat
1111 1261 1213 1323 nequa
1233 1247 1314 1307 totos

171 1350 358 1425 excusserat,
389 1346 472 1427 quod
495 1363 572 1428 opus
596 1346 816 1427 imperfectum
839 1345 917 1408 mihi
945 1347 1061 1409 multos
1089 1345 1215 1410 demum
1243 1352 1315 1429 post

171 1467 269 1514 annos
300 1450 339 1512 88
370 1447 465 1512 finem
494 1449 662 1530 perducere
692 1449 831 1532 contigit,
862 1467 961 1530 neque
992 1449 1095 1512 hercle
1122 1450 1313 1534 contigisset,

171 1553 233 1617 nisi
252 1554 319 1634 ipse
340 1553 408 1616 aliis
429 1552 562 1636 negotiis
583 1552 749 1634 quominus
768 1552 976 1616 bibliothecas
996 1553 1114 1616 adirem
1133 1553 1313 1637 impeditus,

171 1657 419 1721 adulescentium
443 1657 615 1721 amicorum
639 1675 733 1740 opera
752 1661 879 1721 strenue
899 1657 1022 1721 adiutus
1044 1676 1157 1737 essem,
1181 1676 1312 1740 qnorum

173 1762 367 1845 singulorum
396 1779 476 1843 quac
504 1762 568 1825 sint
597 1763 709 1825 merita
735 1779 861 1825 summa
887 1763 987 1844 gratia
1014 1762 1109 1845 digna
1131 1762 1195 1826 iam
1219 1781 1315 1844 supra

173 1864 358 1949 significaui.
400 1865 518 1930 indices
547 1871 579 1930 et
605 1866 756 1946 addenda,
784 1883 862 1947 quae
891 1883 1009 1930 errores
1037 1884 1114 1948 quos
1143 1885 1192 1930 me
1215 1867 1312 1931 oculis

172 1969 369 2034 laborantem
391 1970 424 2034 in
446 1970 581 2053 plagulis
606 1970 795 2053 corrigendis
818 1970 937 2053 fugisse
960 1971 1047 2053 piget
1070 1970 1214 2033 secundis
1231 1971 1313 2034 curis

173 2075 355 2138 emendatos
378 2073 584 2153 denotabunt,
607 2075 746 2157 proximo
769 2074 922 2137 uolumini
936 2074 1060 2139 Paulini
1081 2075 1221 2139 carmina
1241 2092 1313 2138 con-

168 2179 283 2242 tinenti
305 2179 474 2242 reseruaui.

215 2385 475 2466 vindobonae,
499 2385 571 2449 Kal.
588 2385 680 2450 Maiis
706 2383 799 2449 1894.

869 2780 1055 2856 Guilelmus
1078 2780 1118 2855 de
1141 2779 1267 2856 Hertel.
