3036 4770
159 305 220 369 104
490 322 515 375 S.
529 322 662 376 Paulini
681 321 801 376 Nolani
820 321 964 391 episcopi

157 496 360 561 confirmante
388 497 496 580 spiritu
519 497 681 580 principali
704 496 809 561 firmet
836 498 867 561 in
893 497 1084 561 orationibus
1108 501 1140 561 et
1163 499 1298 562 eleemo-

157 602 241 684 synis
270 606 304 665 ut
327 619 434 665 aruum
457 621 582 666 aereum
606 602 733 666 brachia
752 605 815 679 tua,
840 601 979 684 perficiat
1001 602 1095 684 pedes
1122 605 1193 666 tuos
1216 606 1298 666 tam-

157 724 251 789 quam
274 707 368 786 cerui,
392 712 426 770 ut
448 711 481 770 et
503 706 541 771 ad
561 706 743 790 fugiendum
767 707 912 770 zabulum
932 710 964 770 et
985 706 1023 770 ad
1043 707 1297 788 consequendum

157 810 317 875 Christum
340 812 429 874 uelox
453 810 495 874 sis
519 815 551 875 et
574 810 641 874 fixis
664 812 790 894 gemino
811 811 972 892 utriusque
991 811 1172 874 testamenti
1192 830 1297 894 ungue

156 916 298 998 uestigiis
328 916 359 978 iu
390 916 442 978 uia
468 914 585 978 domini
612 913 742 978 firmiter
772 915 875 995 sistas,
906 915 1021 996 ereptis
1052 932 1148 978 manu
1177 914 1298 978 domini
1334 939 1346 979 s

157 1019 288 1102 pedibus
311 1021 372 1083 tuis
396 1037 415 1082 a
437 1021 526 1102 lapsu
550 1024 581 1083 et
604 1019 701 1083 oeulis
729 1018 854 1098 afletu,
885 1023 920 1083 ut
944 1038 1016 1082 cum
1038 1018 1203 1082 benedicta
1225 1037 1299 1083 eon·

157 1124 228 1207 iuge
259 1127 420 1188 aeternum
448 1127 502 1187 tua
528 1123 652 1205 placeas
683 1123 806 1187 domino
837 1124 868 1186 in
899 1124 1024 1205 regione
1054 1123 1207 1187 uiuorum.
1245 1121 1299 1186 fiet

158 1228 243 1292 euim
268 1227 326 1291 tibi
353 1227 525 1291 seeundum
553 1227 646 1290 fidem
674 1232 776 1306 tuam,
807 1229 880 1308 quia
907 1228 1034 1291 fidelis
1062 1226 1232 1291 dominus
1261 1227 1297 1290 iu

158 1332 282 1396 uerbis
310 1332 387 1395 suis
416 1351 553 1396 memor
576 1333 646 1395 erit
669 1332 700 1394 iu
724 1335 886 1396 aeteruum
910 1332 1002 1395 huius
1025 1331 1206 1395 sacrificii
1229 1332 1298 1411 tui,

159 1440 194 1500 et
227 1436 486 1501 holocaustum
520 1441 621 1499 tuum
655 1437 791 1519 pingue
823 1437 904 1509 fiet;
936 1440 1027 1517 teque
1057 1437 1160 1519 ipsum
1191 1436 1298 1500 uiuam
1326 1461 1348 1499 ιο

159 1540 218 1603 sibi
246 1540 380 1604 hostiam
405 1540 436 1603 in
460 1540 586 1604 odorem
617 1541 781 1604 suauitatis
809 1540 939 1622 accipiet
965 1545 1178 1604 remunerator
1201 1541 1300 1604 uestri

158 1644 273 1707 fenoris
300 1643 331 1706 in
359 1644 412 1707 illa
438 1644 497 1724 die,
530 1663 591 1726 qua
617 1645 800 1726 locupletior
827 1644 1031 1709 creditoribus
1060 1644 1182 1708 debitor
1205 1663 1299 1709 suum

159 1748 269 1828 auique
292 1747 467 1828 depositum
496 1748 703 1830 multiplicata
731 1749 835 1812 reddet
866 1767 968 1812 usura.
1009 1767 1065 1812 nec
1088 1749 1179 1832 longe
1208 1749 1300 1813 retri-

159 1851 273 1915 buendi
296 1851 361 1914 dies
385 1850 562 1915 albentibus
586 1852 648 1915 iam
672 1853 846 1934 propinqua
870 1872 971 1916 messe
994 1851 1183 1936 regionibus.

201 1953 252 2018 24.
282 1955 412 2019 Interim
439 1956 633 2037 recipiendas
664 1974 737 2037 opes
769 1957 883 2020 festina
909 1957 967 2020 tibi
997 1956 1198 2021 meditatione
1228 1976 1351 2039 pro-15

160 2059 289 2123 mittens
321 2060 420 2123 multo
447 2058 574 2122 uberius
602 2060 741 2123 animum
765 2064 853 2123 tuum
882 2061 1005 2124 uenturi
1029 2060 1088 2123 fide
1112 2079 1205 2141 quarn
1229 2080 1301 2126 meo

160 2163 210 2226 uel
237 2163 421 2244 cuiusquam
452 2181 594 2227 sermone
625 2163 784 2227 solaberis.
831 2182 892 2228 oon
923 2164 1007 2228 euim
1039 2164 1160 2228 modica
1187 2165 1301 2229 animis

159 2267 350 2331 credentium
380 2268 525 2349 uoluptas
554 2271 602 2331 est
632 2269 785 2349 promissa
808 2268 951 2331 fidelibus
975 2268 1057 2332 bona
1079 2269 1162 2332 ‹lule-i
1184 2269 1302 2352 cogita·

159 2371 242 2434 tione
270 2389 467 2453 praesumere
497 2376 528 2434 et
558 2372 590 2434 in
620 2372 762 2453 paradiso
794 2373 856 2435 iam
887 2373 997 2435 animis
1025 2372 1235 2436 deambulare.
1275 2373 1302 2438 si

159 2475 328 2558 agricolam
355 2475 442 2538 iuuat
468 2495 556 2557 spem
584 2476 695 2538 messis
724 2477 754 2539 in
783 2481 888 2558 segete
915 2476 1031 2556 mirari,
1058 2477 1132 2540 dum
1156 2495 1175 2540 a
1198 2495 1301 2541 messe
1327 2504 1353 2543 4ο

159 2579 295 2642 fructum
328 2579 442 2642 laboris
477 2583 626 2661 expectat,
660 2580 841 2661 faciliusque
876 2581 937 2643 fert
970 2598 1090 2645 moram
1123 2583 1302 2663 temporum

160 2683 291 2747 auaritia
311 2687 465 2763 uotorum,
489 2685 514 2746 si
533 2688 639 2767 paseat
658 2686 774 2764 oculos,
795 2686 869 2748 ‹lmn
890 2689 995 2767 sperat
1013 2688 1159 2749 euentus:
1183 2690 1301 2767 quanto

161 2787 310 2851 maiorem
334 2806 389 2851 uos
409 2807 519 2870 capere
537 2807 704 2869 possumus
725 2789 930 2871 uoluptatem,
953 2790 1025 2853 licet
1043 2793 1231 2872 peccatores,
1256 2794 1302 2854 at·

161 2894 267 2955 tamen
291 2891 396 2955 fideles
420 2892 545 2971 seruuli,
571 2892 683 2973 quibus
709 2893 810 2974 sparsi
832 2893 959 2956 seminis
983 2911 1044 2956 uon
1068 2893 1150 2975 apud
1173 2892 1302 2957 dubiam
1369 2971 1371 2974 Α

160 3000 261 3059 terrae
295 2995 387 3059 fidem
422 2996 477 3059 sed
511 2997 594 3077 apud
626 2997 915 3060 incommutabilem
952 2997 1000 3059 dei
1031 2998 1194 3061 ueritatem
1224 2998 1302 3062 ratio
1329 3024 1354 3062 44

162 3100 309 3163 mandata
332 3103 388 3179 est,
412 3101 465 3181 qui
488 3100 547 3163 hoo
570 3118 731 3183 speramus
755 3102 837 3182 quod
860 3102 976 3165 ueritas
1000 3102 1067 3183 ipsa
1090 3103 1242 3184 promisit.

267 3314 293 3383 1]
312 3315 366 3381 (rs.
379 3320 420 3379 so.
436 3319 485 3384 14).
534 3316 563 3384 e]
582 3315 636 3383 (rs.
650 3319 751 3384 1135).
799 3317 827 3385 5]
847 3316 937 3384 (secu.
949 3320 973 3382 5,
986 3293 1034 3383 ra).
1084 3317 1112 3386 a]
1131 3317 1302 3387 (444448).

162 3401 190 3470 a]
211 3401 252 3455 es.
269 3403 325 3464 444,
341 3404 380 3457 rs.
434 3403 462 3471 o]
481 3403 525 3457 es.
542 3406 581 3466 ro,
595 3405 618 3458 4.
676 3403 718 3471 44]
738 3403 805 3470 (loh.
818 3407 844 3467 4,
857 3404 909 3472 35).

208 3609 396 3665 lconfirmate
413 3612 440 3665 U
489 3611 651 3677 eleimosinis
671 3613 704 3679 P,
722 3611 874 3666 elemosinis
893 3619 938 3668 cet.
992 3613 1189 3681 ‘ZperfieietF
1238 3615 1301 3668 341

162 3716 212 3753 oar.
226 3698 311 3754 FPU
379 3696 525 3765 fugandum
550 3700 577 3752 P
645 3698 767 3753 zabolum
795 3702 825 3768 ll,
849 3698 984 3753 diabolum
1009 3700 1051 3754 ΕΙ
1121 3699 1301 3754 ⁴lChristum

163 3803 214 3838 oar.
228 3785 257 3838 F
307 3784 400 3839 auiae
423 3786 445 3840 0
498 3789 512 3839 7
532 3788 669 3839 aeteruum
689 3789 735 3839 tua
754 3788 849 3854 MPU,
869 3787 896 3838 in
915 3789 1052 3839 aeternum
1072 3790 1119 3840 tua
1137 3784 1236 3853 FL'O,
1256 3788 1304 3840 tua

165 3871 192 3922 in
211 3873 382 3926 aetornumo
448 3873 477 3927 11
499 3872 582 3925 nostri
605 3874 631 3928 U
697 3876 727 3928 13
746 3873 940 3929 4441414114*οΡ
1002 3876 1032 3928 14
1051 3872 1228 3942 propinquam
1247 3889 1303 3927 esse

165 3957 249 4014 FPU
313 3962 343 4014 15
362 3958 524 4027 recipiendos
543 3960 667 4015 FL‘PU
729 3960 825 4013 sestius
844 3961 902 4016 FU
967 3962 997 4016 lb
1015 3959 1122 4014 uenturi
1141 3960 1160 4027 (i
1179 3977 1212 4016 aa
1229 3961 1258 4029 ri)
1276 3961 1302 4015 L

167 4091 196 4141 17
216 4087 342 4141 solaueris
360 4089 472 4144 FOPU
523 4091 554 4145 la
573 4089 697 4142 uoluntas
716 4090 828 4145 Foru
882 4093 915 4145 20
934 4057 1124 4157 agrieblamO
1181 4090 1258 4143 uiuat
1279 4091 1307 4147 U

164 4178 279 4240 segetem
298 4176 362 4229 LM
419 4177 451 4229 ‘21
472 4173 569 4227 laboris
588 4176 615 4229 L
632 4194 653 4230 s.
672 4177 698 4241 l.‚
718 4174 816 4228 laboris
834 4176 874 4228 sui
898 4179 925 4231 U
978 4176 1147 4244 futiliusq.0
1207 4179 1241 4232 25
1260 4176 1302 4230 dei

168 4261 218 4327 Or,
237 4279 286 4314 our.
300 4269 345 4315 cet.
401 4261 467 4313 ralia
491 4263 513 4315 0
565 4265 598 4316 26
617 4262 750 4330 promittit
773 4264 835 4316 ΕΜ
