3052 4784
415 323 582 393 appendix.
601 323 746 393 epistula
763 323 801 379 ad
820 323 1018 390 Celanciam‚
1037 342 1058 381 e.
1071 328 1182 384 23-28.
1303 311 1369 376 455

230 503 287 579 qui
310 520 378 564 non
399 504 546 562 credant
568 506 672 563 uerbo
691 521 750 580 per
770 504 949 563 mulierum
970 506 1270 566 conuersationem
1292 508 1367 569 sine

230 603 332 660 uerbo
354 598 550 659 lucrifiant.
582 600 606 658 si
629 617 696 674 ergo
719 598 803 658 etiam
826 599 984 674 gentilibus
1006 601 1118 659 maritis
1141 602 1259 661 debetur
1277 603 1368 663 honor

229 697 290 756 iure
305 695 441 770 coniugii,
458 698 566 769 quanto
581 695 673 770 magis
689 695 848 754 reddendus
864 697 910 754 est
924 694 1117 756 Christianis?

273 799 323 854 27.
350 794 445 867 Atque
477 795 510 850 ut
540 793 675 851 ostendet
703 791 806 865 quibus
837 791 1013 851 ornamentis
1040 792 1124 851 etiam
1151 793 1222 851 uiris
1252 793 1367 854 iunctae

188 905 201 945 s
228 888 350 948 feminae
366 888 490 947 decorari
508 888 639 957 debeant,
656 887 710 946 ait:
732 904 873 961 quarum
889 887 936 945 sit
952 904 1018 947 noa
1034 888 1254 947 extrinsecus
1274 890 1366 965 capii

226 986 415 1044 laturaaut
430 983 656 1044 circumdatio
676 982 751 1042 sari
771 984 830 1042 aut
849 983 1136 1042 castimoniorum
1156 984 1286 1054 cultus3
1307 988 1365 1046 sed

226 1080 453 1140 absconditus
480 1079 594 1139 cordis
621 1078 794 1137 esthemo
825 1079 861 1137 in
884 1078 1227 1154 incorruptibilitate
1254 1082 1364 1154 quieti

226 1180 259 1236 et
281 1175 425 1236 modesti
449 1173 613 1250 spiritus,
637 1174 692 1248 qui
713 1177 767 1233 est
787 1174 822 1233 in
842 1177 1032 1248 conspectu
1053 1175 1106 1234 dei
1126 1175 1290 1251 locuples.
1322 1179 1364 1238 sic

225 1272 302 1331 enim
324 1272 478 1345 aliquando
501 1272 530 1329 et
552 1272 669 1329 sanctae
696 1269 829 1329 mulieres
855 1272 1006 1344 sperantes
1033 1269 1063 1328 in
1087 1270 1199 1329 domino
1222 1277 1365 1333 ornabant

174 1386 199 1424 ro
225 1386 255 1427 se
275 1367 420 1427 subiectae
440 1364 563 1441 propriis
583 1365 664 1437 uiris,
688 1365 764 1424 sicut
788 1366 858 1424 Sara
880 1365 1045 1425 oboediebat
1066 1367 1198 1425 Abrahae
1219 1368 1363 1428 deminum

225 1482 307 1522 suum
323 1479 439 1522 uocans.
467 1462 536 1520 haec
551 1463 645 1520 antmn
661 1460 840 1535 praecipiens
856 1478 914 1521 non
931 1478 979 1520 eae
996 1460 1075 1520 iubet
1086 1461 1217 1535 squalere
1233 1464 1363 1524 sordibus

223 1563 252 1618 et
272 1559 455 1619 horrentibus
478 1574 638 1632 pannorum
661 1557 836 1616 assumentis
859 1557 929 1631 tegi,
953 1558 1002 1616 sed
1021 1556 1205 1618 immoderato
1224 1559 1313 1618 cultui
1334 1564 1363 1620 et

223 1655 310 1715 nimis
331 1653 471 1728 exquisito
491 1652 638 1712 interdicit
657 1653 771 1711 ornatui
795 1652 1008 1727 simplicemque
1031 1655 1208 1712 commendat
1230 1660 1361 1717 ornatum

222 1754 308 1826 atque
323 1751 462 1821 habitum,
478 1750 512 1809 de
525 1766 581 1823 quo
594 1751 686 1808 etuas
702 1749 849 1808 electionis
865 1749 919 1807 ait:
936 1749 1103 1809 similiter
1118 1753 1230 1810 autem
1247 1755 1280 1812 et
1295 1772 1361 1812 mu-

171 1863 195 1903 rs
222 1847 328 1907 lieres
351 1845 528 1905 inhabita
551 1848 673 1904 ornato
702 1863 773 1904 cam
801 1844 1013 1903 uerecundia
1039 1848 1072 1904 et
1094 1846 1288 1907 sobrietate
1310 1866 1360 1908 or·

221 1945 348 2002 nentes
369 1960 419 2014 se,
442 1959 510 2001 non
530 1942 565 2000 in
585 1941 690 2000 tortis
714 1941 872 2000 crinibus
895 1943 954 1998 aut
977 1958 1058 1999 anro
1081 1943 1140 2000 aut
1158 1944 1360 2017 margaritis

222 2039 275 2098 nel
300 2041 397 2097 ueste
419 2037 590 2113 pretiosa,
611 2038 682 2108 sed,
704 2038 791 2110 qaod
811 2038 908 2096 decet
927 2035 1091 2096 mulieres
1112 2038 1360 2111 promittentes

221 2133 436 2206 castitatem,
457 2150 515 2208 per
535 2150 637 2208 opera
657 2136 753 2192 bena.

265 2236 314 2290 28.
336 2229 459 2305 Repperi
475 2246 542 2288 uero
558 2231 586 2288 to
601 2228 688 2287 mirae
704 2227 767 2288 fidei
784 2230 883 2288 ardore
901 2245 1067 2288 succensam
1088 2229 1197 2303 aliquot
1216 2230 1272 2289 iam
1292 2237 1360 2292 ante

167 2341 193 2381 ro
219 2345 313 2387 annos
328 2325 536 2386 continentiam
552 2324 735 2399 proposuisse
755 2327 783 2383 et
799 2325 940 2398 reliquum
961 2324 1038 2384 uitam
1057 2328 1123 2385 tuse
1143 2328 1255 2400 tempus
1275 2329 1358 2402 pudi-

219 2423 302 2482 citiae
317 2438 509 2482 consecrasse.
528 2419 626 2495 magni
642 2421 695 2479 hoc
710 2419 798 2478 animi
814 2420 930 2495 signam
947 2423 976 2479 et
990 2419 1133 2495 periectas
1148 2421 1266 2481 uirtutis
1282 2423 1358 2482 indi-

218 2519 291 2578 cium
308 2520 353 2577 est
365 2517 533 2577 renuntiare
544 2516 640 2576 subito
652 2519 784 2590 expertae
800 2516 952 2591 uoluptati,
968 2514 1068 2591 ingere
1083 2519 1167 2576 notas
1183 2518 1278 2576 carnis
1294 2518 1357 2578 ille·

217 2618 316 2674 cebras
336 2617 365 2673 et
383 2612 505 2673 ementis
524 2613 616 2672 adhue
634 2612 738 2671 aetatis
755 2611 882 2671 flammas
898 2611 962 2671 fidei
978 2629 1072 2671 amore
1087 2611 1276 2687 restinguere.
1308 2616 1357 2673 sed

216 2711 287 2770 illud
304 2711 389 2771 simul
405 2708 499 2782 didici,
516 2711 590 2784 quod
605 2726 649 2768 me
666 2726 725 2768 non
739 2708 918 2768 mediocriter
930 2709 1013 2784 angit
1028 2726 1060 2767 ac
1076 2708 1215 2777 stimulat,
1232 2711 1261 2768 te
1277 2709 1356 2769 uide-

164 2820 190 2859 as
217 2807 284 2866 licet
299 2809 411 2866 mutum
428 2808 480 2866 boc
496 2809 601 2866 bonum
615 2808 722 2880 absque
734 2822 875 2865 consensu
889 2807 918 2864 et
929 2807 1012 2880 pacto
1024 2804 1080 2864 uiri
1092 2821 1207 2864 seruare
1219 2805 1355 2879 coepisse,

216 2920 279 2962 cum
294 2904 347 2962 hoc
358 2903 514 2978 apostolica
525 2902 642 2961 omnino
658 2902 811 2961 interdicat
824 2901 992 2973 auctoritas,
1007 2919 1079 2975 quae
1095 2901 1126 2960 in
1140 2902 1194 2960 bac
1209 2903 1356 2960 dumtaxat

215 3016 302 3058 caasa
321 3016 380 3058 non
400 3000 480 3058 modo
501 3016 614 3057 uxorem
636 2997 708 3070 uiro,
731 2999 780 3056 sed
800 2998 886 3056 etiam
906 2998 999 3056 uirum
1019 2997 1114 3057 uxoris
1135 2997 1255 3057 subiecit
1274 3001 1355 3072 pote·

215 3095 293 3154 stati.
330 3112 422 3166 uxor,
450 3095 557 3169 inquit,
586 3094 640 3153 sui
665 3094 822 3169 corporis
845 3097 1054 3168 potestatem
1079 3112 1146 3153 non
1170 3093 1273 3152 babet
1296 3096 1354 3153 sed

215 3190 282 3260 uir3
307 3189 473 3249 similiter
493 3193 604 3249 autem
628 3192 661 3248 et
683 3190 737 3248 uir
756 3192 965 3264 potestatem
991 3207 1057 3248 non
1080 3191 1183 3249 habet
1206 3189 1259 3248 sni
1283 3207 1354 3249 eor-

162 3305 188 3346 eo
214 3285 310 3360 peris
329 3287 387 3345 sed
406 3285 537 3345 mulier.
571 3288 603 3344 tu
623 3303 690 3345 nero
711 3285 794 3359 quasi
813 3285 902 3345 oblita
921 3284 1042 3345 foederis
1062 3284 1202 3360 nuptialis
1222 3285 1354 3360 pactique

318 3481 345 3550 5]
364 3480 378 3535 l
398 3481 468 3536 Petr.
482 3484 507 3544 3,
520 3483 544 3537 3.
599 3482 644 3551 14]
663 3481 677 3535 Ι
695 3481 764 3535 Tim.
777 3484 802 3545 2,
815 3485 839 3538 9.
893 3482 939 3550 28]
958 3481 972 3535 Ι
990 3481 1049 3537 Cor.
1064 3485 1087 3547 7,
1100 3484 1125 3537 4.

257 3671 410 3729 lmulieris
427 3691 448 3728 a
499 3673 716 3742 dlucrefiautu
769 3673 847 3727 detur
864 3692 884 3729 a
936 3674 1082 3744 3quanbo]
1101 3690 1181 3743 quam
1200 3694 1220 3729 a
1272 3675 1352 3731 5de-

212 3760 309 3830 cerari]
328 3760 446 3814 decorari
460 3777 518 3814 sea
572 3761 705 3815 nonsita
757 3759 873 3828 baeda,
892 3761 1032 3829 sedquio
1085 3762 1157 3830 aet]
1176 3773 1248 3830 ecrp
1301 3762 1350 3830 sic]

212 3846 282 3901 sicut
298 3866 319 3902 a
373 3851 405 3903 10
422 3845 583 3915 subiectae
638 3851 667 3904 ll
688 3848 779 3916 suum]
798 3858 901 3915 eumq
954 3848 1112 3918 squalores
1167 3851 1199 3904 12
1217 3849 1275 3919 sed]
1294 3856 1352 3904 eta

211 3934 327 4001 cultuq
381 3936 413 3990 13
432 3933 600 3988 courmendet
617 3953 636 3989 a
691 3939 722 3991 15
741 3937 834 3989 ornate
852 3954 902 3992 em.
921 3953 941 3989 u
997 3939 1027 3991 le
1046 3952 1073 3988 se
1091 3954 1142 3991 om.
1161 3954 1180 3990 a
1237 3938 1284 3991 alt.
1304 3945 1352 3991 aut

210 4040 261 4077 ona.
280 4040 300 4076 a
372 4025 404 4077 19
426 4021 494 4092 mire
516 4039 544 4090 a,
567 4023 633 4076 mire
657 4033 688 4090 ψ,
710 4023 779 4076 miro
801 4023 890 4080 Rosea
961 4025 993 4078 21
1018 4024 1158 4092 magma,
1182 4036 1351 4093 magnumq

211 4107 404 4165 tdcalemesa
457 4125 546 4162 amore
564 4128 591 4178 u,
609 4107 745 4177 ardoreq»
797 4112 831 4165 24
849 4109 929 4180 illud]
948 4126 1050 4178 quoque
1069 4111 1170 4178 adda
1222 4111 1263 4180 ac]
1282 4115 1351 4180 etp

210 4196 389 4250 assemano
440 4197 475 4251 26
492 4196 555 4266 boc]
574 4196 672 4266 hineq
724 4197 832 4251 ommno
851 4209 938 4266 emp
994 4199 1028 4255 29
1047 4199 1074 4251 et
1091 4216 1142 4255 cm.
1155 4217 1176 4254 a
1231 4199 1350 4254 uir—sui

211 4283 327 4352 eorporis
345 4282 391 4337 sod
409 4300 460 4339 ena.
481 4293 503 4351 ψ
