3052 4784
466 309 612 378 epistula
630 309 755 373 xxviii,
774 328 795 364 ο,
810 315 889 371 e-e;
908 312 1049 376 xxvmu
1068 332 1089 369 ο,
1104 319 1127 372 1.
1305 300 1367 364 247

225 485 314 549 dens
346 485 532 550 altissimo
559 491 647 550 uota
673 506 768 556 mear
800 488 879 552 alius
907 488 1033 553 libellus
1062 510 1096 554 er
1124 490 1173 554 his
1201 495 1259 571 est,
1290 511 1368 574 quos

224 590 263 653 ed
287 589 484 655 benedictum
509 592 541 654 id
564 596 613 655 est
635 590 846 657 Christianum
869 593 984 674 uirum,
1015 595 1153 659 amicum
1176 614 1284 659 meum
1305 596 1369 661 En-

223 693 400 759 delechinm
423 696 586 778 scripsisse
608 696 725 776 uideor,
755 715 817 762 non
841 701 948 762 tamen
972 698 1106 764 edidisse
1130 700 1305 765 conuincar.
1341 701 1368 766 is

223 798 308 862 enim
337 798 415 863 mihi
442 803 550 865 auctor
572 800 665 866 huius
692 800 726 864 in
748 801 874 865 domiuo
901 803 1043 885 opusculi
1065 804 1134 884 fuit,
1166 805 1247 869 sicut
1269 805 1368 888 ipsius

183 928 197 966 e
225 903 366 986 epistola,
401 923 481 986 quae
511 904 618 970 libello
649 923 718 970 meo
749 925 804 989 pro
835 905 975 971 themate
1004 907 1237 991 praescribitur,
1268 909 1365 975 docet

222 1008 321 1072 fateor
348 1011 456 1072 autern
482 1009 595 1073 ideirco
623 1028 674 1073 me
696 1008 834 1075 libenter
856 1011 940 1075 hune
966 1010 1005 1076 ab
1033 1012 1132 1076 amico
1155 1011 1295 1077 laborem
1318 1033 1367 1078 re·

221 1111 353 1194 cepisse,
383 1116 418 1176 ut
445 1115 476 1178 in
500 1113 672 1178 Theodosio
701 1133 763 1179 non
790 1118 856 1178 tam
885 1116 1107 1199 imperatorem
1132 1134 1226 1198 quam
1250 1116 1367 1183 Christi

221 1233 359 1296 seruum,
399 1235 460 1282 non
494 1218 676 1284 dominandi
713 1218 861 1302 superbie
894 1219 948 1283 sed
982 1220 1157 1285 humilitate
1192 1221 1366 1287 famulandi

220 1324 393 1401 potentem,
418 1340 475 1386 nee
499 1341 595 1406 regno
619 1322 673 1387 sed
697 1322 757 1386 fide
780 1323 950 1407 principem
975 1324 1197 1407 praedicerem,

710 1547 874 1613 XXVIIII.

487 1685 612 1750 Sereno
636 1708 748 1750 suanm
772 1709 910 1751 vuauruo
933 1689 1100 1753 annruvs.

267 1844 293 1907 l.
314 1845 556 1923 Inmoderatam,
577 1847 612 1908 ut
628 1844 799 1928 arguimus,
820 1845 852 1908 in
866 1845 978 1909 litteris
995 1847 1108 1910 uestrIs
1124 1865 1203 1911 onus
1219 1851 1363 1913 nostrum

219 1947 417 2030 loquentibus
433 1948 596 2013 caritatem
612 1951 684 2030 apta
699 1951 794 2031 atque
811 1949 971 2014 moderata
986 1950 1025 2013 ed
1041 1950 1207 2016 utilitatem
1223 1956 1363 2017 nostram

220 2072 387 2118 munerum
409 2053 511 2136 gratia
533 2053 748 2135 temperastis;
780 2053 954 2118 necessario
982 2053 1067 2117 enim
1089 2056 1305 2137 peccatoribus
1333 2060 1364 2120 et

166 2188 190 2226 15
218 2162 346 2241 precatu
370 2157 589 2240 deplorationis
617 2160 649 2221 et
671 2157 780 2222 habitu
808 2158 1021 2241 indigentibus
1048 2159 1143 2241 pallia
1169 2160 1361 2224 camelorum

218 2263 290 2345 pilis
321 2265 406 2326 tenta
436 2262 575 2342 misistis,
606 2280 686 2343 qnae
717 2281 774 2326 nos
805 2263 837 2326 in
869 2267 1037 2345 conspectu
1069 2263 1216 2328 altissimi
1248 2269 1362 2329 stratos

218 2367 345 2432 utilibus
380 2366 518 2432 stimulis
552 2367 765 2445 admonerent,
802 2366 877 2430 dum
912 2368 1080 2449 asperitate
1114 2372 1253 2432 setarum
1288 2387 1362 2433 con·

217 2471 398 2555 pungimur,
429 2474 460 2535 et
486 2474 685 2554 peccatorum
716 2474 894 2535 nostrorum
924 2472 1050 2535 horrore
1081 2474 1239 2555 conpungi
1267 2477 1361 2556 atque

217 2576 302 2640 intus
333 2575 443 2657 spiritu
473 2575 601 2655 conteri,
632 2574 707 2638 dum
739 2576 930 2640 extrinsecus
960 2579 1066 2640 terunt
1098 2575 1217 2641 habItu.
1260 2577 1361 2641 multa

164 2710 191 2748 ω
216 2683 378 2765 praeterea
406 2680 439 2743 in
471 2697 577 2743 eorum
608 2697 668 2743 usu
694 2679 732 2743 de
764 2684 907 2744 ueterum
938 2682 1149 2745 recordatione
1179 2685 1359 2746 sanctorum

216 2784 458 2851 conformandae
474 2783 545 2848 fidei
565 2784 778 2848 emolumenta
799 2785 986 2849 referuntur.
1010 2787 1143 2850 ueniunt
1164 2785 1197 2849 ln
1221 2791 1359 2850 mentem

261 3081 489 3135 lmeaectqu
535 3079 681 3133 ‘domicum
696 3078 927 3134 meumuirumU
970 3077 1083 3134 tusculi
1100 3081 1127 3134 U
1170 3081 1361 3135 5stemeteM
1438 3126 1441 3133 ,

215 3167 341 3223 linem.
355 3167 421 3222 ΒΜ
468 3165 636 3220 theodosium
650 3166 714 3220 ΕΜ
763 3165 990 3235 9praedicarem]
1010 3165 1068 3219 uale
1087 3167 1151 3222 odd.
1164 3166 1266 3222 FP’U
1315 3184 1357 3220 er·

214 3253 291 3324 plicit
308 3255 344 3322 L,
363 3253 425 3307 finit
442 3253 476 3306 sd
494 3269 616 3306 seuerum
636 3250 751 3306 -vmn
774 3253 798 3307 0

257 3366 435 3422 FLMOPU.
465 3396 496 3404 -
525 3365 638 3435 epistola
666 3381 736 3419 noua
758 3365 791 3419 ed
816 3365 944 3419 Seuerum
971 3365 1005 3420 de
1026 3382 1136 3420 munere
1161 3364 1303 3435 palliorum
1327 3384 1356 3421 ex

213 3453 275 3525 pilis
287 3453 382 3507 cameli
395 3453 491 3522 incipit
502 3453 536 3517 F,
556 3451 667 3522 epistola
679 3452 713 3505 ed
725 3452 840 3506 eundem
861 3452 962 3506 ·VIII·
980 3454 1015 3521 L,
1033 3452 1066 3506 ad
1080 3452 1220 3522 sulpitium
1233 3469 1356 3508 seuerum

223 3539 319 3594 mvl·
339 3541 379 3606 M,
398 3540 494 3609 incipit
512 3538 546 3593 ad
564 3538 679 3593 eundem
698 3539 722 3592 X
741 3538 773 3592 de
791 3538 908 3608 palliolis
929 3539 959 3607 0,
978 3539 1013 3593 ad
1032 3539 1168 3593 Seuerum.
1187 3539 1227 3593 De
1247 3557 1356 3595 munere

213 3627 356 3698 palliorum
380 3643 410 3680 ex
433 3626 495 3696 pllis
513 3626 607 3680 cameli
625 3628 707 3682 irrecr.
726 3627 754 3680 P
770 3644 803 3680 m.
817 3631 842 3693 2,
870 3626 983 3695 epistola
1005 3626 1091 3679 saneti
1114 3626 1217 3695 paulini
1240 3627 1355 3697 episcopi

213 3714 247 3768 ad
265 3730 386 3769 seuerum
405 3713 565 3767 monachum
584 3712 630 3766 ubi
649 3713 673 3766 ei
690 3713 790 3781 gratias
810 3713 867 3781 agtt
884 3729 932 3781 pro
950 3712 1038 3781 palliis
1057 3711 1089 3765 de
1108 3712 1169 3782 pilis
1182 3712 1354 3767 camellorum

213 3801 263 3856 eibi
283 3801 430 3855 destinatis.
462 3816 541 3870 super
560 3799 655 3868 quibus
674 3798 751 3868 plura
770 3800 963 3868 scripturarum
984 3799 1104 3868 exempla
1122 3798 1252 3854 adducere
1265 3803 1354 3870 tropo-

211 3886 298 3958 logico
321 3904 399 3941 sensu
423 3887 537 3955 exponit.
565 3886 612 3940 ubi
635 3887 716 3940 etiarn
740 3890 830 3940 sancte
853 3886 965 3939 melania
984 3885 1097 3940 illustris
1115 3889 1237 3940 metrone
1260 3887 1354 3957 copen-

214 3974 285 4028 dicse
305 3974 401 4028 intexit
418 3973 559 4028 historiam
577 3976 603 4029 U
654 3977 683 4030 11
705 3990 796 4027 seuero
810 3973 887 4027 fratri
900 3992 950 4029 occ.
969 3973 996 4075 Oi
1043 3974 1170 4026 unanimo
1182 3973 1262 4027 fratri
1273 3975 1359 4031 FPU

211 4087 341 4143 Paulinus
353 4087 483 4142 Paulinus
496 4086 625 4141 Pauliana
643 4087 673 4141 F
723 4086 851 4140 Paulinus
870 4102 961 4139 seruus
981 4102 997 4140 ι
1014 4085 1063 4139 illu
1083 4102 1173 4140 seuero
1190 4086 1254 4139 kibo
1273 4088 1311 4141 fri
1327 4088 1354 4142 in

212 4174 260 4229 deo
282 4178 358 4244 patre
381 4179 408 4227 et
430 4175 480 4244 xpo
503 4168 551 4227 ihu
574 4172 664 4227 salute
683 4174 748 4227 ΒΜ
834 4176 864 4228 17
889 4172 982 4226 utilius
1004 4173 1035 4227 F
1122 4175 1153 4229 18
1172 4173 1210 4243 et]
1230 4176 1309 4242 atque
1327 4176 1358 4230 F

214 4265 244 4318 19
263 4261 357 4316 habitu
380 4264 411 4328 U,
429 4260 552 4315 habitum
571 4268 616 4317 cet.
671 4259 833 4315 multumO
884 4261 917 4314 21
937 4258 1184 4318 confirmandan
