3036 4770
180 277 242 342 316
511 295 536 348 S.
549 294 680 348 Paulini
700 294 819 349 Nolani
838 294 987 364 episcopi

178 475 242 537 stro
265 473 379 538 inferni
401 473 532 536 carceris
556 471 722 535 mittitur
744 471 780 535 in
804 469 978 535 tenebras
1002 472 1220 553 exteriores,
1243 474 1320 554 quia

178 577 348 642 secundum
372 577 554 641 exteriorem
577 575 735 641 hominem
759 575 878 639 uixerit.
905 580 1070 658 propterea
1091 575 1142 639 hic
1164 577 1231 640 sine
1252 576 1318 642 fine

176 681 330 767 lugendus
360 686 417 762 est,
447 681 520 762 quia
549 681 580 744 in
610 681 715 764 ignem
743 679 939 744 damnandus
966 683 1130 745 aeternum
1157 681 1226 745 sine
1252 681 1318 745 fine

177 786 333 851 morietur.

217 889 248 954 4.
280 890 411 955 Pacem
445 908 530 973 ergo
560 888 762 954 habeamus
796 889 840 954 ad
870 889 1072 971 dominum,
1107 907 1217 973 pacem
1250 908 1316 956 non
1361 921 1376 961 s

175 994 267 1060 huius
298 994 419 1075 mundi,
450 1011 528 1075 quae
557 995 658 1059 amica
686 997 821 1078 peccatis
852 994 908 1059 dec
938 994 1083 1076 dissidet,
1119 994 1173 1058 sed
1202 1012 1316 1078 pacem

175 1098 299 1180 Christi,
330 1116 503 1182 quaecum
527 1099 584 1163 deo
607 1101 741 1164 conserit
771 1104 802 1163 et
833 1117 890 1165 nos
917 1097 1040 1165 Christo
1070 1098 1254 1180 conformat,
1286 1101 1317 1165 si

175 1205 341 1271 adhaereat
370 1202 466 1267 uerbo
494 1203 542 1266 dei
570 1204 676 1268 anima
701 1208 819 1286 nostra,
849 1209 885 1270 ut
912 1202 1085 1269 efficiamur
1114 1222 1212 1268 unum
1239 1222 1315 1269 cum

174 1312 230 1375 dec
259 1328 314 1392 per
348 1308 562 1372 interuentum
596 1308 790 1390 mediatoriS,
824 1310 878 1390 qui
911 1312 960 1373 est
988 1326 1048 1392 pax
1082 1313 1203 1390 nostra,
1238 1309 1316 1391 quia

173 1414 262 1481 fecit
284 1417 442 1494 utraque
465 1430 590 1494 unum,
613 1415 742 1477 naturas
763 1413 919 1479 discordes
942 1413 991 1478 dei
1014 1418 1046 1477 et
1064 1412 1198 1478 hominis
1221 1413 1253 1477 in
1277 1432 1315 1480 se
1345 1445 1372 1484 ιο

173 1518 330 1602 copulam,
354 1521 386 1581 et
408 1517 440 1581 in
463 1517 553 1582 nobis
568 1518 628 1582 duo
649 1537 746 1581 unum
762 1519 891 1600 faciens,
914 1519 944 1582 id
967 1522 1016 1583 est
1038 1535 1165 1582 carnem
1187 1520 1314 1584 animae

172 1621 303 1706 spiritali
324 1622 587 1695 consentientem
611 1625 643 1686 et
664 1626 738 1686 tunc
760 1623 843 1707 ignis
863 1624 895 1688 in
916 1623 1016 1688 medio
1039 1625 1182 1687 nostrum
1204 1641 1315 1690 muue-

171 1727 226 1806 bit,
257 1743 312 1789 seu
335 1725 446 1789 horum
475 1727 506 1790 in
533 1725 623 1791 nobis
647 1727 778 1791 duorum
806 1728 858 1791 uel
884 1745 956 1792 cum
983 1727 1094 1811 spiritu
1117 1727 1213 1792 trium
1236 1746 1314 1794 con-

171 1847 281 1898 sensus
311 1829 435 1911 inuitet,
465 1836 501 1895 ut
526 1831 621 1895 faciat
649 1832 681 1895 in
697 1832 802 1898 ‚corde
833 1836 939 1897 nostro
969 1831 1029 1897 sibi
1055 1831 1204 1916 plecitam
1237 1851 1312 1898 cum

169 1938 256 2019 patre
279 1936 311 1997 et
333 1933 444 2015 spiritu
466 1935 661 2000 mansionem
686 1940 718 2000 et
741 1937 877 2001 uicissim
900 1954 957 2001 nos
977 1935 1031 2001 ubi
1049 1937 1116 2021 ipse
1136 1941 1185 2002 est
1204 1936 1313 2021 ducet,
1343 1968 1369 2007 ιε

169 2039 287 2104 dicens:
311 2037 451 2102 intrate
474 2039 511 2104 in
533 2040 707 2123 gaudium
732 2041 869 2105 domini
892 2041 1021 2106 uestri.

657 2268 818 2333 XXXVII.

413 2408 574 2472 chraxcxc
596 2430 735 2472 VNANIMO
757 2431 871 2472 FRATRI
893 2409 1061 2474 Pilumnus,

211 2563 237 2626 l.
268 2563 371 2629 Sicut
399 2581 494 2646 aqua
524 2566 664 2650 frigida
693 2567 841 2631 sitienti
872 2571 908 2632 et
935 2567 1052 2633 bonus
1082 2571 1236 2635 nuntius
1263 2572 1309 2638 de

165 2673 266 2732 terre
291 2668 512 2752 longinqua,
542 2671 586 2735 ita
613 2669 702 2736 nobis
729 2671 889 2755 refrigerio
917 2677 949 2736 et
974 2672 1136 2738 refectioni
1157 2673 1219 2740 fuit
1242 2675 1310 2741 elo·
1338 2706 1365 2746 so

269 2874 295 2944 1]
313 2875 517 2941 nectamus.
573 2878 600 2947 5]
620 2878 734 2944 nonu,
749 2883 771 2935 1.
825 2879 1007 2951 (rourum).
1060 2880 1090 2951 e]
1107 2880 1307 2956 (roseum).

165 2962 208 3031 ιο]
227 2960 330 3030 rpus,
343 2965 382 3018 14.
439 2963 483 3032 ιι]
503 2963 570 3032 (Ich.
582 2968 621 3028 14,
632 2967 683 3034 aa).
740 2966 783 3035 rc]
802 2966 1004 3032 natussum.
1059 2968 1306 3039 innodatae.

207 3162 343 3218 Imittur
359 3165 386 3218 L
450 3164 665 3220 terteriorisO
729 3166 925 3236 3dempnatus
943 3170 980 3223 M
1046 3170 1074 3223 in
1096 3172 1248 3226 aettemum
1271 3175 1305 3243 U,

161 3267 190 3320 in
208 3269 330 3321 eternum
349 3269 377 3322 P
429 3269 542 3324 5deum
561 3271 626 3324 LM
675 3270 813 3326 fidesidet
830 3273 865 3338 F,
885 3271 1002 3328 dessidet
1019 3274 1047 3327 P
1098 3275 1304 3347 immerito,

162 3380 324 3435 consenserit
341 3382 457 3448 FLPU,
477 3383 609 3437 consentit
627 3385 664 3439 M
713 3351 859 3441 8adher⁰at
874 3387 901 3440 L
953 3385 1081 3453 educo
1134 3391 1167 3445 12
1184 3393 1249 3445 tunc
1267 3410 1304 3450 ex

161 3482 231 3521 nunc
249 3469 276 3522 L
345 3468 428 3537 ignis]
453 3469 508 3538 ipse
531 3471 568 3524 M
636 3475 668 3528 13
690 3472 786 3525 horum
813 3474 845 3542 0,
866 3472 962 3527 harum
985 3482 1031 3530 cet.
1102 3474 1216 3531 duarum
1237 3479 1308 3536 LM

161 3554 233 3624 cum]
253 3555 335 3608 trium
354 3548 476 3622 M,'eum
494 3557 605 3613 Lenem
622 3577 655 3614 eu
672 3561 729 3616 eod.
747 3561 841 3615 Vicus.
896 3561 993 3630 spiritu
1011 3565 1080 3619 coni.
1095 3564 1199 3633 Secede,
1221 3565 1301 3634 spiri·

160 3645 236 3695 tuum
256 3661 276 3693 ω
348 3645 379 3697 ut
397 3643 590 3712 conspirituum
608 3647 704 3712 Reum,
723 3646 766 3700 uel
785 3664 846 3700 eum
864 3648 1007 3718 spirituum
1025 3651 1137 3705 Letum
1159 3669 1192 3707 ec
1209 3653 1302 3710 codice

164 3728 257 3783 Visun.
312 3730 407 3799 trium]
426 3730 503 3784 illurn
521 3733 558 3785 M
610 3736 641 3787 15
661 3748 708 3800 ιιοξ
727 3735 757 3788 F
808 3739 848 3788 est
866 3736 896 3790 F
910 3754 930 3791 s.
945 3737 1040 3791 l.m.2
1098 3726 1135 3792 '16
1154 3737 1252 3792 ducens
1276 3743 1306 3798 U

160 3815 252 3883 uestri]
266 3815 325 3869 uale
338 3817 397 3870 nale
409 3819 472 3872 add.
486 3819 521 3886 F,
534 3823 598 3887 opto
611 3824 642 3872 ut
654 3820 743 3873 ualens
755 3821 818 3876 add.
832 3822 908 3878 ΡΨ.
925 3852 954 3859 -
969 3822 1076 3892 explicit
1087 3825 1122 3891 L,
1135 3822 1197 3878 finit
1211 3825 1256 3879 ·1·
1277 3829 1302 3883 O

202 3902 377 3960 FLMOPU.
407 3934 438 3942 —
467 3905 579 3974 epistole
606 3908 623 3961 ἔ
647 3908 748 3976 paulini
777 3908 810 3962 ad
841 3908 992 3964 uictricium
1022 3911 1208 3981 rotomagense
1236 3913 1300 3984 epm

159 3986 278 4042 XXVII·
298 3990 332 4056 L,
361 3990 394 4044 ad
414 3991 566 4046 uictricium
589 3998 801 4063 rotomagensem
824 3997 884 4064 epm
905 3996 1062 4051 -xxx-V·
1081 4000 1123 4067 M,
1149 3999 1245 4070 incipit
1262 4002 1300 4056 ed

158 4073 315 4129 victricium
334 4076 422 4144 prima
444 4079 474 4146 0,
493 4081 605 4149 meropii
623 4080 725 4150 paulini
744 4081 834 4136 nolani
853 4084 968 4153 episcopi
985 4083 1054 4138 liber
1071 4085 1180 4154 quintus
1199 4087 1299 4157 episto-

157 4159 244 4225 larum
262 4161 296 4216 ad
315 4161 433 4217 diuersos
452 4165 546 4235 incipit
564 4167 686 4222 feliciter.
705 4169 817 4239 epistola
835 4172 921 4225 sancti
939 4171 1041 4242 paulini
1054 4173 1169 4244 episcopi
1187 4174 1221 4228 ad
1239 4175 1297 4231 uic·

156 4248 262 4303 tritium
288 4251 441 4321 episcopum
467 4252 515 4307 ubi
541 4253 573 4308 de
600 4254 753 4311 humilitate
775 4262 802 4312 et
828 4257 959 4328 patientia
986 4259 1016 4314 in
1042 4261 1298 4331 persequutionibus
