3052 4784
533 341 678 411 epistula
696 341 885 404 xxxxi-'mn
900 359 920 395 c.
937 345 1045 398 14-15.
1295 325 1359 390 403

216 516 323 580 diuina
346 534 407 581 uon
430 518 517 598 texit,
541 519 589 582 cui
613 537 695 581 nuuc
716 522 884 600 martyrem
906 537 1008 599 suum,
1032 537 1116 582 nuuc
1136 522 1236 582 semet
1256 520 1359 601 ipsum

217 619 360 685 Christus
394 623 544 702 ostendit,
578 623 610 686 in
644 623 731 686 cuius
766 623 893 687 uiuente
926 627 1009 686 terra
1043 623 1188 687 dominici
1222 624 1358 706 corporis

215 724 359 790 uidemus
389 726 531 810 inpressa
560 727 703 809 uestigia,
735 727 761 789 si
788 725 932 789 fidelihus
960 726 1057 790 oculis
1086 731 1117 790 et
1141 727 1205 790 acie
1229 727 1360 809 spiritali

216 829 299 909 quod
322 831 352 893 in
377 848 413 894 eo
440 831 527 895 sinus
551 830 676 910 Christi,
704 831 785 912 quod
809 849 921 894 manus
944 832 1074 914 contigit
1096 832 1304 915 perlegamus,
1328 835 1360 894 et

176 957 189 995 s
217 934 374 1013 canitiem,
406 952 484 1016 quae
512 953 605 1018 saepe
633 954 726 1016 super
750 935 866 999 domini
888 954 971 1019 genu
994 936 1099 1014 iacuit,
1126 955 1218 1019 saepe
1242 936 1358 999 domini

217 1038 288 1101 sinu
311 1039 420 1120 tepuit,
444 1042 552 1103 nostra
574 1056 670 1103 manu
698 1058 791 1121 saepe
818 1040 991 1103 mulcentes
1020 1044 1050 1103 et
1072 1040 1244 1103 auriculam
1267 1057 1359 1123 saepe

217 1143 393 1225 palpantes,
417 1161 511 1224 quam
535 1145 685 1208 caelestes
709 1145 798 1228 digiti
821 1144 945 1208 domiuo
969 1145 1089 1207 iocante
1112 1147 1294 1208 traxerunt?

263 1245 313 1310 15.
336 1247 455 1327 Habes,
479 1248 522 1312 mi
545 1249 652 1328 frater,
680 1249 804 1312 xenium
828 1267 944 1327 meum,
970 1248 1025 1311 ede
1048 1249 1126 1312 illud
1150 1248 1259 1331 spiritu
1283 1248 1360 1311 cari-

217 1351 304 1430 tatis,
324 1356 356 1415 et
372 1352 399 1415 si
419 1351 615 1433 loquacitatis
637 1371 725 1416 meae
746 1353 951 1416 amaritudine
973 1352 1181 1431 uauseaueris,
1202 1354 1240 1416 de
1259 1353 1359 1435 gratia

165 1479 192 1518 ru
218 1456 338 1519 domiui
371 1460 403 1519 et
432 1458 575 1520 caelestis
606 1457 753 1521 historiae
785 1457 940 1520 suauitate
971 1456 1128 1520 fastidium
1161 1455 1359 1539 temperabis.

217 1565 302 1623 certo
325 1564 431 1624 autem
455 1562 518 1645 scio
538 1563 754 1642 quaesiturum
773 1564 805 1624 te
829 1566 859 1625 ot
879 1561 1126 1625 desideratumm
1150 1561 1276 1641 aliquid,
1300 1579 1360 1642 quo

218 1665 301 1729 circa
327 1665 410 1729 huuc
434 1666 594 1729 hominem
622 1684 728 1729 exeras
759 1666 933 1744 caritatem,
964 1683 1026 1746 qua
1056 1664 1158 1747 diligis
1191 1664 1359 1729 Christum.

218 1768 328 1833 subest
351 1770 495 1843 materiu;
519 1773 552 1833 tu
576 1770 715 1834 studium
737 1771 804 1852 piae
827 1769 1001 1832 deuotionis
1028 1769 1153 1832 intende
1176 1773 1208 1832 et
1230 1772 1360 1851 patrono

218 1873 311 1937 huius
333 1871 573 1953 secundiniano,
596 1876 645 1937 cui
669 1893 783 1937 nauem
806 1873 948 1938 Christus
972 1874 1167 1954 omnipotens
1191 1891 1245 1956 pro
1268 1873 1360 1937 huius

165 1998 191 2038 u
218 1977 320 2041 salute
343 1980 501 2042 seruatam
524 1979 586 2042 iam
608 1979 785 2061 desperanti
808 1977 951 2056 reddidit,
975 1981 1040 2042 toto
1060 1977 1132 2041 lidei
1153 1982 1225 2041 tuae
1248 1976 1361 2041 affectu

218 2081 337 2147 adesto.
361 2100 476 2146 munus
500 2083 582 2145 euim
600 2081 716 2147 Christi
740 2082 874 2146 adseres.
899 2101 937 2145 ne
957 2082 1085 2164 patiaris
1110 2082 1227 2145 inuidia
1247 2081 1361 2145 diaboli

217 2206 274 2269 per
300 2187 460 2251 homiuem
489 2186 655 2269 inprobum
683 2185 911 2251 secundiniano
943 2186 1018 2268 eripi
1049 2186 1100 2249 uel
1129 2186 1191 2249 iam
1220 2189 1361 2268 ereptum

219 2291 328 2374 negari
350 2292 432 2374 quod
455 2292 501 2356 illi
523 2292 561 2354 de
584 2291 748 2375 naufragio
771 2290 936 2354 redonauit
958 2290 1043 2352 deus.
1070 2294 1250 2371 procurator
1274 2288 1362 2353 Chri-

219 2395 314 2459 stiaui
329 2396 398 2476 uiri,
413 2396 519 2461 fratris
534 2397 633 2461 nostri
649 2396 855 2474 Postumiani,
872 2413 940 2458 esse
956 2394 1078 2473 dicitur,
1094 2394 1148 2475 qui
1164 2413 1232 2457 eam
1248 2412 1361 2457 nauem

166 2518 192 2558 so
218 2500 249 2563 iu
272 2499 452 2564 Brutiorum
472 2500 573 2580 litore,
596 2518 656 2583 quo
676 2499 832 2583 possessio
856 2499 1006 2562 senatoris
1030 2498 1175 2577 adluitur,
1200 2493 1361 2578 adlapsam

219 2606 341 2670 auarior
368 2605 448 2668 mari
475 2609 507 2668 et
534 2606 600 2668 siue
628 2622 815 2687 myoparone
839 2604 1003 2685 piraticum
1029 2603 1061 2666 iu
1085 2606 1168 2667 terra
1191 2620 1287 2685 agens
1311 2620 1361 2665 oc-

219 2710 346 2792 cupauit
374 2713 405 2773 et
432 2713 554 2792 captam
583 2708 769 2780 uacuefeoit;
801 2727 875 2772 nam
903 2708 997 2772 eliam
1022 2726 1104 2771 nuuc
1127 2707 1157 2770 iu
1182 2707 1249 2789 ipso
1272 2706 1361 2770 litore

218 2814 321 2879 inanis
349 2817 465 2893 manet,
496 2817 531 2878 ut
554 2813 704 2877 damnum
732 2814 833 2877 oneris
856 2813 974 2876 frustra
1001 2812 1032 2875 in
1056 2811 1167 2894 pelago
1190 2812 1307 2875 seruati
1331 2814 1362 2874 et

219 2919 253 2983 iu
272 2922 358 2983 terra
376 2918 489 3000 perditi
512 2920 715 2981 contestetur.
740 2917 899 3000 depositae
922 2917 985 2980 iam
1009 2933 1100 2996 saepe
1125 2915 1205 2997 apud
1228 2914 1361 2978 iudicem

169 3037 194 3076 2⁶
220 3022 445 3106 prouincialem
468 3040 561 3105 super
584 3022 642 3085 hoc
664 3021 826 3085 latrocinio
851 3020 1005 3103 querelae,
1037 3020 1089 3082 sed
1111 3018 1234 3083 Pharao
1257 3023 1362 3083 noster

221 3125 380 3191 indurauit
408 3144 460 3190 cor
487 3144 590 3205 suurn,
621 3126 701 3189 forte
728 3128 762 3188 ut
789 3125 820 3188 iu
847 3125 914 3206 ipso
938 3123 1095 3187 mirabilia
1116 3122 1204 3203 fiant,
1236 3127 1267 3187 et
1289 3141 1362 3187 cou-

219 3235 334 3296 ueutus
363 3249 419 3313 per
448 3229 552 3295 officia
581 3229 682 3313 primo
716 3229 748 3293 ui
778 3228 957 3307 rebellauit,
991 3231 1101 3310 postea
1129 3227 1261 3293 Romam
1293 3246 1363 3310 pro·

219 3336 311 3421 fugit.
345 3336 423 3401 haec
445 3334 710 3400 secundinianum
736 3353 841 3397 meum
870 3333 1040 3396 necessitas
1064 3332 1102 3396 ad
1126 3331 1236 3396 urbem
1261 3337 1292 3396 et
1314 3333 1363 3396 iti·

221 3460 296 3505 nere
325 3444 448 3504 terreno
478 3439 670 3522 peregrinari
703 3456 775 3501 cum
810 3456 865 3501 suo
899 3437 991 3501 unico
1021 3441 1117 3500 nauta
1146 3437 1257 3519 coegit.
1301 3455 1361 3499 uon

169 3569 195 3609 uo
222 3544 349 3628 ambigo
378 3545 508 3609 fratrem
539 3547 681 3608 nostrum
707 3543 948 3606 Postumianum
978 3545 1010 3604 et
1040 3542 1220 3604 interuentu
1248 3544 1301 3604 tuo
1332 3543 1363 3602 et

221 3668 279 3714 sua
301 3648 361 3713 lide
384 3653 477 3731 atque
500 3648 621 3712 iustitia
642 3646 914 3711 commonendum.
947 3663 1042 3726 quare
1066 3645 1124 3709 hoc
1152 3645 1361 3708 moderamine

264 3858 416 3926 asinaeo,
440 3857 568 3912 simusO
638 3855 779 3910 7iaceute
805 3855 861 3908 Col.
934 3851 1035 3905 domini
1059 3851 1156 3905 iacenti
1178 3853 1247 3906 cosei.
1268 3852 1361 3906 sacch.

221 3944 363 4001 exenium
380 3943 636 4010 Rosw.,eu1euium
656 3960 679 4001 v.
698 3941 818 3994 exenium
841 3942 863 3995 0
926 3938 1001 3991 illum
1024 3940 1055 4006 0,
1072 3939 1159 4007 ipsum
1179 3956 1194 3991 o
1255 3941 1271 3992 9
1290 3954 1362 3990 ama-

223 4030 340 4086 titudine
358 4049 381 4099 e,
401 4029 654 4085 amaritudinemO
709 4031 740 4083 12
760 4043 912 4082 exerceaso
973 4030 1003 4081 15
1023 4025 1118 4079 effectu
1136 4044 1151 4079 c
1215 4027 1245 4079 17
1265 4023 1363 4077 Secun-

224 4119 332 4173 diuiano
349 4137 374 4187 o,
392 4116 599 4173 secundianoO
653 4118 685 4170 19
703 4114 932 4184 postumuiauiO
994 4115 1025 4167 21
1046 4113 1103 4164 siue
1121 4112 1219 4177 Rosia,
1238 4127 1298 4163 sene
1321 4108 1363 4165 Oa·

223 4221 281 4260 meo
300 4221 398 4276 parone
413 4206 456 4261 Oc
508 4204 651 4274 piraticum
671 4204 739 4257 corti.
755 4203 809 4257 Iac.
825 4202 936 4269 Billiue,
955 4199 1093 4269 piraticam
1111 4199 1155 4253 (lc
1207 4200 1240 4252 25
1254 4196 1363 4251 iamoO

223 4295 257 4349 30
274 4292 494 4364 posthumianum
512 4310 528 4346 v

1156 4374 1206 4423 ⁶26*
