3036 4770
552 335 695 405 epistula
712 334 903 399 XXXXVIIII,
922 351 943 390 e.
956 337 1033 390 2-4.
1299 317 1364 382 393

213 511 400 573 communis
415 511 539 592 patroni
553 510 664 574 Felicis
685 528 737 573 ore
757 509 944 574 uenerabilis
964 511 997 575 in
1012 511 1110 592 puppi
1123 508 1263 590 sedebat,
1284 511 1367 574 sicut

218 615 349 678 nautico
370 632 428 677 usu
448 615 569 694 dicitur,
593 615 631 678 ad
651 617 793 678 temones
814 615 864 679 uel
883 615 988 696 potius
1008 633 1063 697 pro
1079 613 1267 693 temonibus,
1288 631 1365 695 quos
1435 698 1438 703 .

225 736 297 781 curn
329 718 472 782 anchoris
499 719 617 801 pariter
647 722 679 782 ot
709 719 812 783 nautis
840 719 873 783 in
899 719 953 782 illo
980 719 1132 801 naufrago
1158 719 1248 783 litore
1275 719 1365 782 nauis

230 822 384 902 amiserat,
404 822 510 886 infelix
525 823 666 902 feliciter,
687 826 722 886 ut
736 841 792 905 pro
813 823 938 886 amissis
959 822 1104 886 omnibus
1125 822 1199 886 uiris
1220 827 1252 886 et
1270 822 1366 885 armis

231 928 291 990 suis
322 930 377 990 aut
403 927 520 991 domini
550 931 721 1010 martyrem
752 930 806 991 aut
833 927 995 991 dominum
1026 927 1172 1010 martyris
1201 926 1365 991 obtineret.
1395 942 1400 951 ’

229 1033 332 1095 narrat
351 1031 465 1114 gaudio
484 1031 653 1095 lacrimans
675 1050 768 1095 senex
789 1051 822 1094 se
843 1033 881 1095 ad
901 1032 998 1113 ipsius
1018 1032 1113 1114 pedes
1135 1049 1218 1095 nunc
1238 1030 1366 1110 domini,

229 1154 309 1199 nunc
332 1136 477 1218 martyris
497 1135 701 1219 gubernantis
725 1135 787 1200 sibi
810 1136 937 1199 solitum
956 1134 1136 1218 procubare,
1160 1136 1256 1199 etiam
1275 1135 1367 1198 fami·
1401 1154 1408 1165 ·

229 1239 333 1303 liarius
363 1240 430 1322 ipso
460 1239 646 1320 adtestante,
678 1240 709 1304 in
737 1240 870 1324 genibus
898 1258 1021 1323 quoque
1052 1258 1088 1303 ac
1117 1240 1239 1305 sinibus
1270 1240 1366 1303 sacris

229 1342 353 1407 beatum
382 1348 414 1408 et
439 1343 605 1408 adflatibus
628 1344 741 1409 diuinis
768 1345 897 1409 odorum
921 1345 1065 1409 reclinati
1088 1345 1199 1428 eapitis
1221 1344 1367 1425 puluinar

229 1447 386 1512 habuisse.

269 1551 300 1616 4.
324 1552 512 1616 Dubitenrne
535 1572 618 1617 nunc
641 1553 889 1636 patriarcharum
912 1553 999 1616 sinus
1023 1552 1166 1617 fidelibus
1190 1552 1222 1615 in
1243 1551 1367 1617 Christo

228 1658 324 1720 seruis
347 1660 464 1738 patere,
487 1675 560 1720 cum
582 1659 727 1721 inmensa
750 1659 815 1721 eius
838 1658 963 1722 bonitas
987 1658 1082 1721 etiam
1105 1657 1366 1721 catechumenum

228 1764 302 1824 tunc
329 1762 423 1824 istum
451 1762 501 1825 uel
529 1781 585 1826 suo
611 1762 662 1825 uel
686 1762 786 1825 sancti
809 1764 857 1826 sui
880 1763 994 1826 louerit
1015 1763 1144 1845 gremio.
1183 1780 1257 1825 nam
1280 1762 1367 1824 etin

228 1869 335 1929 sancto
366 1883 422 1929 suo
452 1867 518 1948 ipse
549 1867 657 1930 aderat
684 1868 736 1948 qui
765 1868 850 1947 dixit,
881 1871 917 1931 ut
943 1868 1037 1946 nosti,
1068 1867 1107 1931 ad
1132 1870 1269 1948 patrem:
1301 1883 1367 1947 ego

228 1970 454 2049 claritatem,
475 1988 583 2051 quam
603 1972 742 2035 dedisti
761 1972 867 2052 milri,
890 1971 972 2035 dedi
995 1972 1061 2051 eie,
1085 1974 1126 2033 ut
1148 1989 1258 2034 unum
1280 1970 1366 2050 sint,

229 2074 342 2138 sicuti
364 2079 401 2139 et
424 2092 488 2137 nos
512 2094 632 2138 unum.
668 2094 734 2158 ego
760 2076 796 2139 in
822 2077 889 2155 eis,
921 2080 957 2139 et
978 2079 1017 2139 tu
1040 2076 1075 2138 in
1098 2094 1162 2139 me.
1198 2075 1366 2138 etiterum

229 2178 457 2260 coapostolos,
488 2179 519 2242 in
543 2179 657 2260 quibus
680 2180 828 2243 uniuerso
851 2181 969 2262 corpori
993 2197 1049 2243 suo
1073 2179 1163 2242 dixit:
1194 2197 1277 2242 ecce
1301 2196 1367 2262 ego

229 2282 422 2346 nobiscum
453 2302 532 2347 snm
562 2284 732 2347 omnibus
760 2284 891 2348 diebus
922 2285 1024 2348 uitae
1052 2302 1152 2347 meae
1179 2302 1295 2365 usque
1322 2283 1366 2346 ed

229 2389 585 2452 consummationem
614 2390 764 2452 saeculi.
803 2389 885 2470 quod
912 2388 1024 2452 cotidie
1047 2386 1138 2451 nobis
1161 2388 1192 2450 in
1216 2405 1312 2451 rrranu
1336 2392 1368 2451 ct

136 2496 204 2553 *o
229 2492 438 2572 apostolorum
463 2510 594 2556 suorum
621 2497 653 2556 et
680 2498 852 2576 martyrum
876 2496 1022 2575 operante
1046 2492 1220 2573 conspicuis
1243 2491 1368 2556 uirtuti-

229 2593 287 2659 bus
303 2597 441 2677 potentia
454 2596 575 2677 probat,
591 2600 627 2660 ut
643 2599 805 2660 credamus
821 2598 870 2661 dei
885 2596 983 2660 filium
1001 2600 1033 2660 et
1047 2596 1209 2660 dominum
1224 2600 1366 2660 nostrum

228 2699 334 2763 Iesum
350 2718 386 2763 ex
401 2702 627 2765 resurrectione
643 2705 837 2765 mortuorum
853 2705 1039 2784 regnantem
1053 2701 1085 2764 in
1101 2701 1194 2765 caelis
1211 2701 1250 2763 ad
1262 2700 1368 2763 dexte-

229 2822 296 2867 ram
312 2804 410 2886 patris
430 2804 601 2868 uiuorum
624 2824 692 2869 esse
712 2806 914 2885 dominum,
938 2822 1008 2868 non
1031 2808 1269 2869 mortuorum.
1294 2821 1367 2887 ergo

229 2924 300 2972 cnm
331 2912 363 2972 et
393 2910 493 2973 sancti
523 2910 572 2973 sui
599 2911 784 2974 confessoris
812 2911 916 2993 effigie
943 2930 1052 2974 senem
1078 2914 1207 2974 nautam
1230 2908 1367 2990 fouebat,

161 3036 201 3077 aa
227 3013 294 3096 ipsc
321 3013 430 3078 aderat
455 3014 488 3078 in
516 3019 623 3079 sancto
651 3034 706 3079 sno
732 3019 764 3079 et
786 3016 905 3079 fessum
929 3018 1023 3097 atque
1046 3015 1222 3097 depositum
1246 3015 1368 3079 blandis

228 3116 386 3181 mulcebat
405 3117 558 3200 adloquiis
582 3137 638 3182 nec
657 3120 758 3202 magis
779 3119 847 3183 cibo
868 3138 961 3201 qnam
981 3118 1077 3183 uerbo
1102 3118 1271 3199 reficiebat,
1294 3120 1370 3202 qnia

228 3222 294 3304 ipse
317 3225 366 3285 est
388 3241 481 3285 uerus
503 3222 611 3305 panis
636 3223 697 3305 qui
720 3224 762 3286 de
785 3224 888 3287 caelo
912 3223 1108 3287 descendit
1131 3223 1217 3287 dare
1247 3242 1368 3287 escam

229 3325 328 3389 omni
358 3327 469 3390 carni.
515 3327 548 3389 in
578 3327 663 3391 omni
697 3327 781 3391 enim
811 3328 937 3393 homine
972 3345 1049 3412 opus
1082 3346 1173 3391 suum
1205 3327 1308 3411 diligit
1337 3332 1369 3392 et

229 3447 365 3512 omnem,
389 3431 597 3513 quantumin
620 3432 686 3514 ipso
710 3435 768 3512 est,
791 3433 977 3497 hominem
1001 3433 1146 3496 saluum
1169 3432 1254 3496 fieri
1276 3433 1368 3513 uult,

335 3646 563 3715 1111111111.
636 3648 679 3717 11]
699 3648 906 3712 natenaaco.
972 3648 1250 3718 11](111111111).
1321 3648 1367 3717 aa]

228 3733 326 3874 ulraaTritlrlr1
344 3735 452 3875 {243ae
472 3734 553 3788 nare.
574 3737 614 3798 12,
632 3737 674 3790 aa
753 3735 800 3804 aa]
823 3735 879 3790 10n.
898 3738 923 3801 c,
942 3737 984 3793 11.
1063 3735 1106 3791 rs.
1128 3738 1185 3799 raa,
1206 3739 1247 3791 25.
1321 3735 1367 3804 ao]

272 4021 422 4078 admones
445 4022 468 4077 O
524 4021 670 4076 timonibus
693 4023 716 4078 0
776 4026 793 4079 9
811 4021 920 4076 boatum
939 4039 969 4075 ox
988 4021 1123 4077 adflatibus
1143 4021 1242 4076 diuinis
1261 4021 1369 4075 odorem

230 4110 299 4164 coni.
313 4109 408 4164 caeco.
462 4108 604 4164 odorcmu
662 4111 694 4165 12
713 4109 948 4166 caticuminumO
1003 4112 1034 4165 lo
1053 4110 1147 4179 unum]
1167 4110 1370 4165 summonitio

232 4198 264 4251 18
276 4195 348 4249 uitae
360 4211 434 4249 meae
450 4196 480 4264 O,
499 4214 580 4252 orno
634 4199 666 4252 lo
685 4197 712 4250 in
725 4214 806 4250 manu
825 4198 863 4267 et]
882 4196 1034 4251 immanuel
1051 4200 1120 4254 corat.
1135 4197 1266 4266 (1111111111,
1284 4196 1370 4251 bonus

230 4281 390 4336 Emmarnrel
406 4284 584 4339 1111811111.
639 4283 677 4354 et]
697 4283 741 4352 uel
758 4288 786 4338 et
806 4284 829 4340 0
880 4286 915 4340 25
933 4287 1040 4352 sanctos
1058 4301 1119 4352 suos
1140 4285 1164 4340 0
