3052 4784
478 320 623 390 epistula
640 321 830 385 xxxxvrrrr,
849 338 870 375 c.
886 322 932 377 ιω
952 321 982 384 u,
996 339 1016 375 e.
1033 325 1105 376 r-e.
1297 305 1361 369 405

218 497 495 580 multiplicatae
527 501 614 561 suut
645 497 741 560 enirn
776 497 1021 561 infirmitates
1056 516 1196 577 eorum,
1231 504 1361 582 postea
1465 491 1467 495 ’

218 602 533 665 acceleraueruut.
573 620 649 683 quos
677 601 722 665 ait
749 605 884 680 sanctos,
914 601 968 682 qui
992 600 1023 664 iu
1047 604 1130 665 terra
1153 601 1217 665 siut
1240 603 1360 666 saneti?

219 726 293 771 uum
317 706 387 770 illos
410 706 553 786 Iudaeos,
583 707 637 789 qui
660 707 714 772 lilii
737 707 840 771 carnis
863 706 1012 771 Abrahae
1039 711 1071 770 et
1092 725 1152 771 nou
1178 707 1232 771 filii
1255 727 1360 791 repro-

217 810 376 875 missionis
403 810 608 875 cxcluduntur
636 830 655 874 a
681 811 810 890 semine,
841 812 923 893 qnod
950 813 981 874 iu
1005 812 1094 875 lsaao
1121 816 1267 876 uocatum
1291 816 1359 877 est?

176 943 190 982 s
218 915 285 979 ideo
313 918 440 979 sanctos
467 915 500 979 in
523 918 615 995 terra,
648 915 722 997 quia
748 916 848 979 saneti
870 934 984 999 gesara
1008 916 1135 995 carnali,
1166 916 1231 980 uita
1254 921 1359 981 autem

217 1038 373 1101 sensuque
402 1019 515 1084 terreni
545 1022 629 1099 sunt,
661 1019 712 1102 qui
736 1025 860 1083 terreus
890 1020 1017 1101 sapiunt
1047 1024 1079 1085 et
1108 1021 1225 1085 carnali
1253 1020 1360 1086 obser·

218 1124 326 1188 uantia
353 1125 384 1188 iu
414 1127 571 1189 uetustate
594 1125 716 1187 litteras
744 1128 983 1203 consenescunt,
1014 1142 1076 1188 non
1103 1128 1304 1189 renascentes
1326 1127 1358 1191 in

218 1247 332 1293 nouam
357 1237 541 1308 creaturam,
565 1229 721 1310 quianon
745 1232 930 1311 receperunt
952 1247 1034 1308 enni,
1058 1248 1113 1311 per
1136 1248 1229 1310 quem
1252 1233 1360 1294 uetera

218 1334 411 1398 transierunt
437 1337 469 1398 et
495 1333 579 1397 facta
606 1337 679 1396 suut
710 1335 812 1397 noua?
857 1332 903 1396 sic
932 1333 1016 1396 enirn
1047 1333 1126 1396 forto
1158 1352 1210 1396 eos
1240 1333 1271 1397 in
1301 1335 1360 1398 hoe

164 1465 189 1503 ro
217 1438 339 1521 psalmo
362 1441 486 1502 sanctos
511 1437 658 1519 appellat,
689 1437 843 1518 quomodo
871 1441 902 1501 et
925 1438 955 1500 iu
979 1437 1142 1520 euangelio
1164 1438 1273 1518 iustae,
1305 1439 1358 1503 ubi

218 1542 307 1607 dicit:
331 1559 402 1606 non
425 1541 510 1606 ueni
533 1542 654 1607 iustos
677 1559 810 1605 uocare
834 1542 898 1605 sed
920 1546 1149 1623 pensatores,
1174 1542 1203 1604 id
1224 1546 1272 1607 est
1289 1543 1358 1607 illos
1426 1616 1435 1633 .

216 1647 326 1727 iustos,
349 1647 401 1728 qui
424 1647 455 1710 in
477 1647 642 1710 sanctitate
665 1646 790 1730 generis
813 1650 845 1709 ot
867 1645 972 1710 littera
987 1646 1066 1728 legis
1085 1645 1269 1729 gloriantur,
1292 1647 1359 1728 qui-

218 1750 276 1815 bus
292 1750 416 1814 dicitur:
440 1751 556 1814 nolite
572 1750 727 1834 gloriari
743 1753 885 1833 patrem
902 1749 1105 1828 Abraham,
1126 1750 1212 1830 quia
1226 1754 1358 1832 potens

217 1858 274 1919 est
304 1855 392 1919 deus
423 1855 465 1919 de
494 1855 685 1936 lapidibus
716 1855 802 1919 istis
833 1854 993 1918 excitare
1024 1855 1128 1918 filios
1158 1854 1356 1920 Abraham.

163 1986 189 2024 ss
216 1977 350 2041 quorum
372 1961 474 2024 forma
499 1961 531 2023 iu
558 1960 612 2023 illo
636 1959 802 2023 Pharisaeo
825 1960 1017 2042 proponitur,
1048 1959 1100 2040 qui
1128 1959 1262 2023 iustitias
1285 1977 1358 2023 suas

218 2068 379 2146 amquam
399 2064 551 2129 nescienti
567 2064 692 2128 domiuo
712 2065 853 2128 recolens
874 2063 1073 2146 praedicabat
1092 2064 1124 2127 iu
1145 2065 1272 2146 templo,
1296 2083 1358 2129 uon

217 2186 308 2233 orans
339 2173 375 2233 ut
405 2169 610 2249 exaudiretur,
640 2169 695 2232 sed
727 2169 853 2252 erigens
884 2167 971 2248 quasi
1002 2168 1141 2231 debitum
1173 2168 1276 2233 meriti
1302 2189 1358 2251 pro

217 2272 363 2356 operibus
393 2272 483 2337 bonis
513 2272 638 2354 quidem
673 2273 727 2336 sed
761 2272 892 2355 ingratis
922 2272 989 2351 deo,
1025 2272 1097 2354 quia
1127 2272 1209 2352 quod
1238 2273 1359 2337 iustitia

217 2377 437 2442 aedilieaucrat
466 2377 610 2460 superbia
641 2376 830 2457 destruebat,
865 2396 922 2440 uec
952 2376 984 2439 id
1013 2377 1116 2459 ipsum
1148 2377 1272 2440 silentio
1302 2375 1357 2440 sed

163 2508 189 2547 eo
217 2500 294 2546 noce
325 2482 491 2562 clamabat,
521 2487 557 2545 ut
586 2485 749 2564 appareret
780 2500 851 2545 eum
882 2499 943 2544 nou
971 2481 1082 2544 diuinis
1109 2479 1236 2543 auribus
1263 2480 1357 2561 loqui,

216 2586 291 2668 quia
320 2590 352 2651 et
380 2586 420 2651 ab
450 2586 629 2650 homiuibus
660 2587 756 2650 uellet
786 2585 892 2663 audiri.
932 2588 1023 2666 atque
1054 2583 1121 2648 ideo
1154 2602 1214 2648 non
1242 2585 1359 2667 placuit

262 2791 266 2795 .
319 2742 348 2811 d]
367 2741 454 2810 (Rom,
467 2744 492 2805 9,
505 2743 539 2808 7).
594 2741 621 2810 5]
640 2741 694 2810 (Pe.
710 2745 750 2804 15,
763 2741 797 2807 3).
852 2739 1082 2809 6](Phil.3‚1t).
1138 2738 1165 2807 7]
1185 2739 1270 2804 (Rom.
1285 2741 1309 2802 7,
1323 2739 1357 2805 6).

216 2829 285 2898 (Gal.
300 2829 389 2898 6,15).
443 2829 471 2897 8]
490 2828 659 2896 (Ioh.l‚lll.
714 2827 806 2896 (Apoe.
819 2830 860 2890 21,
873 2829 898 2881 4.
911 2827 945 2893 5).
1001 2825 1046 2894 11]
1064 2824 1161 2879 matth.
1174 2830 1199 2889 o,
1214 2828 1254 2880 13.
1313 2826 1358 2895 12]

216 2917 406 2986 (Romaest
463 2915 507 2984 13]
525 2915 622 2969 Mercu.
636 2917 660 2977 3,
673 2918 703 2977 o;
721 2913 783 2968 Luc.
798 2916 822 2978 3,
836 2916 859 2969 8.
916 2913 959 2982 15]
979 2912 1052 2978 (Luc.
1068 2915 1107 2975 18,
1122 2911 1173 2980 11).

261 3054 366 3111 lcuim
384 3055 401 3109 i.
415 3054 433 3108 f.
448 3071 481 3109 nr.
495 3057 515 3108 t.
529 3058 547 3107 t.
561 3071 582 3107 e.
596 3070 620 3123 p.
635 3055 709 3108 secel
726 3054 821 3118 (sicle
890 3019 1091 3120 e⁰rup,oos1<'
1157 3051 1357 3118 2qui—sauet'

215 3145 312 3200 om.U
378 3143 496 3197 interra
514 3144 577 3196 suut
598 3142 711 3207 roma,
731 3144 794 3194 sunt
812 3140 838 3193 in
859 3143 930 3193 terra
946 3139 995 3207 Fr
1060 3142 1176 3192 snum*
1196 3156 1221 3206 p,
1246 3154 1298 3191 non
1319 3138 1362 3206 Cf

215 3230 256 3285 illi
278 3229 366 3284 iudaei
388 3229 435 3298 qui
457 3234 521 3282 sunt
542 3231 569 3286 U
617 3227 788 3282 habrahaec
841 3225 1025 3295 promissionis
1043 3225 1139 3292 Furor
1187 3224 1310 3278 ciream
1333 3230 1359 3292 Γ,

215 3334 296 3388 ysaac
311 3317 453 3386 GMUcsp
506 3315 649 3383 biduoque
666 3317 703 3370 M
752 3314 836 3367 saneti
859 3315 885 3369 U
935 3312 962 3366 in
980 3328 1076 3380 genere
1094 3309 1212 3379 FUsrp'
1266 3311 1357 3379 tiqui]

216 3405 279 3472 quia
299 3401 419 3472 FMcrp¹
480 3402 519 3472 et]
538 3406 565 3456 et
583 3402 641 3455 idco
663 3407 703 3454 Γα
766 3399 918 3468 carnaliay
976 3399 1111 3452 seruantia
1130 3417 1154 3465 γ,
1173 3395 1358 3450 obseruatione

216 3492 293 3560 Fur
350 3491 411 3545 'liu
431 3493 531 3545 tustate
549 3489 580 3544 F
638 3489 814 3542 reinascentes
832 3487 864 3557 9¹
925 3487 1041 3554 squiy
1094 3487 1268 3553 perceperunt
1286 3484 1362 3550 r'ds

215 3578 321 3634 tlenim
340 3580 422 3646 onos
470 3593 514 3630 eos
531 3577 689 3644 forteFUt'
741 3580 772 3630 lc
785 3574 887 3643 psalmo
900 3574 950 3626 hoe
961 3573 1019 3636 (hos
1032 3572 1072 3639 F)
1085 3571 1162 3640 FUs
1211 3569 1356 3638 quomodo]

216 3669 304 3735 quos
369 3668 397 3718 et
414 3683 465 3721 cer.
481 3669 521 3717 Γα
575 3662 731 3732 euuangelio
749 3681 766 3732 p
784 3663 865 3717 etsie
883 3663 960 3728 infre
1015 3663 1043 3715 ll
1059 3659 1249 3712 iustosuocare
1265 3657 1357 3727 Ocyp,

216 3769 311 3807 uocare
328 3752 471 3807 iustoscet.
525 3750 553 3805 id
571 3756 613 3804 est
630 3769 680 3806 om.
695 3751 725 3804 F
776 3752 807 3804 12
820 3749 909 3818 littere
926 3753 967 3799 Γα
1023 3749 1055 3802 13
1067 3750 1170 3814 patrem
1187 3744 1357 3814 euterpe&

216 3840 338 3910 inpetro
361 3839 463 3905 deoc,
486 3836 583 3892 habere
601 3841 704 3906 patrem
724 3856 749 3902 α,
773 3839 877 3905 patrem
896 3832 992 3887 habere
1012 3853 1034 3898 η,
1054 3835 1158 3901 patrem
1177 3849 1197 3886 s.
1211 3830 1307 3885 habere
1326 3832 1356 3896 (s.

215 3925 314 3981 habore
330 3926 442 3981 odd'm.
456 3925 484 3993 1)
504 3931 530 3992 Γ,
550 3924 666 3978 diceutes
684 3927 788 3992 patrem
806 3921 935 3976 habemus
960 3918 1106 3973 habraham
1128 3921 1158 3984 U,
1177 3919 1204 3971 in
1222 3920 1297 3986 patre
1311 3924 1356 3973 oct.

218 4016 250 4070 14
262 4013 418 4078 suscitarer]
466 4011 593 4065 abraham
607 4009 933 4079 crempebrauaecer.
984 4010 1015 4061 15
1026 4006 1071 4059 illo
1081 4024 1132 4061 om.
1143 4004 1221 4073 For
1267 4008 1357 4058 16111-

217 4100 311 4156 scienti
327 4099 363 4154 0¹
417 4102 450 4156 18
462 4098 568 4166 quidem
581 4096 697 4152 boniet*
748 4097 900 4163 ingratusy
956 4096 986 4148 19
1003 4092 1200 4160 edificaueritp
1252 4089 1358 4160 silentio

217 4188 244 4242 id
263 4189 351 4258 ipsum
369 4187 449 4254 For,
468 4186 556 4254 ipsum
574 4184 714 4249 silention
776 4185 810 4238 211
828 4181 955 4235 clamauit
973 4180 1049 4249 FUs
1107 4179 1146 4233 ita
1164 4182 1229 4246 uts
1277 4193 1357 4247 appa·

217 4276 283 4331 reite
300 4276 397 4344 (siem
448 4276 480 4329 21
501 4272 546 4340 qui
566 4292 583 4340 y
600 4272 654 4329 Col.
709 4271 757 4324 deo
776 4286 829 4324 uou
846 4269 948 4339 placuit
966 4287 982 4319 c
