3036 4770
495 348 642 417 epistula
659 348 794 411 XXXVII,
813 367 835 404 e.
847 352 924 405 4-6.
1220 334 1281 400 321

141 528 175 588 et
196 525 296 607 operis
320 527 352 588 et
373 525 462 609 regni
486 543 554 589 esse
573 528 706 590 testetur
728 544 861 608 cumque
880 531 1001 610 patrem
1021 526 1114 592 deum
1134 533 1164 592 et
1182 527 1285 592 filium

142 629 235 692 deum
259 632 290 693 et
312 629 456 712 spiritum
479 633 624 694 sanctum
648 630 740 694 deum
768 634 866 713 putet,
898 631 960 713 qui
990 635 1048 695 est
1080 636 1115 696 et
1142 637 1219 696 erat
1249 636 1284 696 et

141 737 323 798 uenturus
351 737 423 814 est,
453 734 507 816 qui
533 734 619 798 misit
642 738 673 799 te
697 736 779 799 siout
800 735 931 817 Moysen
956 739 987 800 et
1009 737 1165 820 apostolos
1189 755 1284 801 euan-

141 839 275 922 gelinare
298 837 444 922 gentibus
467 839 550 903 bona
574 839 700 920 domini,
723 841 805 921 quod
828 841 881 920 ita,
908 843 943 904 ut
966 841 1032 924 ipse
1055 859 1073 905 a
1096 841 1152 906 deo
1175 841 1284 905 doctus

97 971 113 1009 a
142 962 187 1023 ee,
210 943 315 1008 doces:
341 943 495 1008 unitatem
518 944 668 1008 trinitatis
692 944 758 1008 sine
782 945 963 1009 contusione
986 946 1119 1029 iungens
1142 951 1174 1010 et
1195 946 1285 1010 trini-

142 1051 241 1111 tatem
269 1048 367 1130 ipsius
395 1048 524 1112 unitatis
551 1049 618 1112 sine
645 1049 842 1132 separatione
865 1050 1041 1134 distinguis,
1073 1051 1117 1114 ita
1143 1051 1286 1114 utnulla

142 1152 233 1216 alteri
255 1169 389 1233 persona
415 1153 582 1217 conueniat
610 1158 641 1217 et
666 1153 698 1217 in
722 1155 806 1217 omni
829 1171 964 1236 persona
986 1155 1080 1218 trium
1105 1156 1181 1219 deus
1203 1173 1285 1218 unus

143 1257 274 1336 eluceat,
305 1260 337 1321 et
360 1260 467 1321 tantus
490 1258 615 1339 quidem
638 1257 731 1337 iilius,
756 1263 892 1340 quantus
917 1262 948 1322 et
970 1263 1069 1341 pater,
1093 1263 1228 1341 quantus
1255 1262 1285 1323 et

143 1361 271 1443 spiritus
299 1364 438 1443 sanctus,
469 1362 524 1426 sed
551 1381 675 1446 semper
702 1363 834 1445 quisque
862 1364 910 1427 sui
938 1364 1074 1428 nominis
1097 1366 1285 1448 proprietate

88 1493 115 1532 ro
143 1466 310 1531 distinctus
333 1465 527 1531 indiuiduam
550 1467 685 1531 retineat
707 1468 739 1531 in
762 1468 886 1532 uirtutis
908 1472 939 1531 et
959 1469 1076 1552 gloriae
1096 1469 1284 1551 aequalitate

143 1571 350 1635 concordiam.

187 1674 217 1740 6.
241 1674 326 1740 Certi
349 1679 455 1740 autern
479 1695 599 1756 eumue,
627 1678 708 1758 quod
732 1680 762 1740 et
785 1677 885 1740 filium
908 1677 957 1741 dei
982 1677 1026 1741 ita
1048 1677 1218 1762 praedicas,
1251 1682 1285 1742 ut

145 1779 277 1844 eundem
308 1783 340 1844 et
365 1780 464 1845 lilium
491 1780 628 1844 hominis
656 1780 796 1845 confiteri
823 1799 885 1845 nou
913 1780 1089 1861 erubescas
1120 1786 1186 1846 tam
1213 1801 1286 1845 uere

145 1884 304 1948 hominem
327 1885 358 1948 in
382 1889 489 1949 nostra
511 1888 624 1949 natura
643 1903 736 1968 quam
760 1905 832 1949 uere
852 1885 945 1950 deum
969 1887 1000 1950 in
1020 1904 1086 1966 sua,
1111 1885 1165 1950 sed
1185 1886 1285 1950 filium

91 2014 119 2054 rs
147 1989 196 2051 dei
220 1992 293 2053 ante
317 1990 452 2070 saecula,
482 1991 556 2071 quia
579 1991 645 2073 ipse
670 1994 718 2055 est
740 1992 790 2054 dei
817 1991 949 2054 uerbum
973 1991 1059 2071 dene,
1090 1992 1143 2073 qui
1165 1995 1232 2054 erat
1254 1991 1285 2054 in

145 2093 295 2176 principio
323 2093 405 2176 apud
434 2094 527 2158 deum
555 2113 652 2177 aeque
681 2095 756 2160 deus
784 2096 1018 2178 coomnipotens
1050 2099 1081 2160 et
1107 2098 1286 2180 cooperator

145 2198 251 2279 patris.
290 2218 352 2281 per
380 2199 501 2282 ipsum
529 2199 613 2263 enim
641 2201 763 2264 omnia
786 2201 886 2264 faeta
913 2204 1012 2279 sunt,
1044 2203 1079 2263 et
1103 2201 1182 2264 sine
1206 2200 1286 2282 ipso

145 2301 285 2365 factum
309 2305 365 2366 est
388 2303 493 2367 nihil.
526 2308 557 2367 et
579 2304 637 2367 hoe
661 2304 814 2368 uerbum
837 2305 961 2386 pietatis
985 2304 1146 2367 inmensae
1169 2307 1287 2386 myste-

145 2405 190 2468 rio
221 2423 305 2470 caro
333 2407 472 2491 tactum
504 2410 560 2471 est
589 2412 625 2472 et
652 2408 841 2472 habitauit
871 2408 908 2471 iu
936 2407 1057 2487 nobis,
1088 2424 1150 2471 nou
1182 2411 1288 2471 autem

86 2536 118 2574 20
145 2527 216 2573 caro
238 2512 363 2574 tantum
386 2496 521 2595 eorporis
545 2512 653 2592 nostri,
678 2513 732 2576 sed
755 2513 848 2576 homo
868 2515 952 2576 totus
977 2515 1007 2575 et
1030 2512 1166 2594 eorporis
1190 2511 1288 2575 nostri

145 2617 178 2676 et
204 2615 327 2678 animae
355 2614 583 2697 adsumptione,
615 2617 738 2680 animae
766 2621 871 2680 autem
899 2616 1069 2695 rationalis,
1100 2634 1179 2696 quae
1202 2617 1288 2678 iuria

145 2720 285 2783 naturale
320 2720 476 2802 opificium
511 2721 560 2785 dei
594 2721 691 2785 habet
728 2722 855 2785 insitam
891 2725 1045 2794 mentem3
1084 2720 1220 2802 alioquin
1256 2721 1286 2783 in

144 2823 282 2887 tenebris
309 2823 498 2906 Apollinaris
530 2825 715 2905 errabimus,
750 2827 776 2889 si
806 2826 967 2889 hominem
997 2826 1199 2908 adsumptum
1231 2825 1287 2888 deo

145 2927 283 2991 animam
322 2929 438 2993 mentis
472 2929 629 2994 humanae
667 2947 809 3009 uacuam,
849 2929 948 3011 qualis
986 2931 1035 2992 est
1070 2945 1217 3010 pecorum
1256 2931 1288 2991 et

248 3125 277 3194 2]
295 3125 377 3196 apoc.
389 3129 411 3189 1,
421 3129 445 3182 4.
499 3127 526 3196 3]
546 3128 602 3195 (nx,
613 3131 710 3190 5-10;
728 3128 939 3191 Maoun.18‚1o;
959 3127 1017 3182 not.
1033 3131 1056 3191 1,
1069 3127 1103 3195 8).
1160 3126 1204 3195 17]
1223 3126 1281 3180 ioh.

146 3215 170 3275 1,
183 3213 207 3265 3.
222 3213 262 3267 14.

192 3402 343 3471 lcumqne]
363 3419 475 3472 eumque
493 3407 537 3460 uei
553 3404 668 3473 itemque
683 3405 776 3461 Soccb.
840 3408 856 3460 2
874 3408 951 3474 putet
968 3361 1130 3474 smpa,⁶l{l‘
1142 3407 1183 3457 est
1194 3405 1235 3472 M,
1254 3407 1284 3457 ut

147 3491 188 3540 cst
200 3495 245 3543 eet.
299 3495 357 3542 erat
368 3489 407 3558 ot]
420 3491 464 3558 qui
478 3496 534 3544 erat
547 3493 573 3544 et
586 3492 631 3560 qui
644 3493 681 3545 M
728 3494 745 3546 3
758 3492 890 3560 apostolos
902 3509 928 3559 o,
939 3490 1074 3559 apostolus
1091 3490 1121 3555 O,
1134 3489 1285 3558 apostolum

145 3581 192 3630 cel.
241 3575 743 3646 euangogelioareEeuuangelinaroO
789 3577 992 3646 aquariorum
1032 3576 1290 3631 5doeesom.FPU

147 3662 290 3731 unitatem]
310 3662 435 3716 uidelicet
452 3665 516 3718 ado.
531 3666 568 3718 M
617 3664 780 3718 confessione
802 3666 825 3717 (l
878 3663 1043 3732 oseparatio
1061 3664 1088 3717 L
1142 3663 1285 3730 distinguis

149 3748 181 3814 O,
200 3747 368 3816 distinguens
386 3757 431 3806 eet.
486 3751 620 3806 'iomiO
671 3754 796 3819 personat
814 3752 840 3805 L
894 3754 956 3806 8et
977 3751 1004 3806 U
1017 3767 1038 3804 s.
1052 3751 1069 3803 l.
1083 3753 1148 3805 Μ
1204 3765 1286 3817 quan·

144 3864 190 3914 tus
208 3863 235 3914 et
252 3861 340 3931 pater]
360 3865 476 3930 quantus
494 3867 521 3916 et
538 3867 622 3932 pater,
641 3868 732 3917 tantus
750 3868 826 3932 pater
843 3867 906 3933 fort.
961 3866 977 3917 9
995 3828 1072 3945 iffi
1094 3861 1117 3915 0
1170 3864 1202 3916 10
1222 3861 1284 3915 reti·

145 3951 208 4001 neat
224 3951 332 4019 scripsi,
351 3950 448 4002 retinet
466 3968 487 4002 ω
541 3952 568 4003 in
586 3969 636 4006 oro.
656 3952 741 4007 FPU
791 3949 980 4019 equalitateO
1034 3952 1065 4004 12
1085 3947 1186 4016 autem]
1206 3948 1287 4000 etiam

144 4036 214 4090 coni.
229 4036 324 4091 Saceb.
392 4039 424 4091 18
442 4034 574 4091 erubescis
593 4037 677 4094 FPU
738 4053 791 4090 non
810 4036 948 4090 erubescas
967 4035 1086 4088 confiteri
1104 4037 1141 4089 M
1209 4038 1241 4089 15
1260 4038 1288 4088 et

143 4121 200 4189 ipse
222 4121 257 4191 F,
280 4122 336 4191 ipse
360 4125 386 4175 et
408 4123 466 4178 PU
544 4128 585 4176 est
602 4125 751 4180 eouFPU
829 4123 893 4176 deus
916 4123 1010 4176 Fal.
1098 4124 1130 4176 lo
1154 4120 1287 4176 iactusO

142 4206 277 4262 habitabit
295 4208 407 4265 Foru
473 4213 507 4265 20
526 4210 692 4264 sed-nostri
710 4230 761 4266 om.
779 4212 806 4265 ll
872 4213 906 4265 22
925 4208 1049 4263 insitio
1119 4211 1153 4264 23
1173 4207 1285 4278 appolli-

148 4294 220 4347 naris
242 4295 273 4363 0,
291 4295 450 4366 appolinaris
469 4297 496 4350 P
548 4297 696 4352 errauimus
719 4298 742 4352 0

196 4389 302 4432 xxvun.
319 4390 586 4443 sacratissimarum.
1098 4385 1129 4432 21
