3036 4770
538 332 686 403 epistula
704 333 804 394 xxm,
824 350 845 387 c.
859 335 936 388 3-5.
1246 315 1303 380 161

166 517 199 574 et
227 529 283 595 ego
310 510 459 593 indignus
486 528 505 573 a
528 527 618 573 seruo
645 509 783 572 iustitiae
807 507 1016 571 ministrabar.
1056 507 1110 572 sed
1133 508 1206 572 hinc
1229 508 1307 572 mihi

164 616 311 678 leuamen
340 614 463 696 aliquod
486 613 566 677 tanti
593 613 737 694 ponderis
766 631 865 693 spero,
896 612 977 693 quod
1005 612 1105 676 sancti
1132 612 1237 676 fratris
1260 612 1306 676 fa-

165 721 321 783 mulatum
352 737 414 783 nou
447 717 593 799 superbia
622 717 790 796 uindicaui,
822 716 875 780 sed
907 717 1137 781 contristandae
1167 717 1305 782 caritatis

167 826 255 887 metu
284 827 315 887 et
337 822 397 885 fide
424 822 592 905 capiendae
615 820 840 885 benedictionis
864 821 985 884 admisi.
1024 820 1197 884 benedictio
1221 821 1305 885 enim

165 927 245 991 mihi
269 928 336 990 erat
358 930 466 990 sancta
488 926 518 989 in
544 926 668 989 nomine
692 925 741 988 dei
763 925 926 988 famulatio
954 928 984 988 et
1012 925 1043 988 in
1065 924 1218 989 libertatis
1245 926 1306 1009 spi-

164 1032 226 1094 ritu
249 1031 368 1094 famula
396 1031 528 1094 dilectio.
567 1029 606 1093 ob
635 1029 693 1093 hoe
720 1029 930 1092 uoluntarium
958 1029 1022 1092 eius
1049 1027 1168 1092 bonurn
1196 1033 1228 1093 et
1250 1049 1305 1113 pro

163 1135 263 1216 ipsius
293 1135 429 1199 utilitate
460 1134 593 1216 suscepi,
623 1151 826 1216 praesumens
858 1150 893 1197 eo
923 1133 1129 1214 potentiorem
1161 1135 1304 1198 exorandi

165 1257 220 1322 pro
249 1258 298 1302 me
327 1240 478 1318 futurum,
510 1254 570 1319 quo
597 1238 668 1318 plus
697 1238 798 1300 meriti
828 1237 864 1299 de
892 1237 1049 1319 religionis
1079 1237 1223 1318 operibus
1250 1237 1304 1300 ad-

165 1343 318 1424 quisisset.
350 1347 423 1426 aget
444 1343 582 1425 profecto
605 1341 796 1406 orationibus
820 1341 893 1420 suis,
918 1361 957 1404 ne
981 1341 1059 1404 meis
1082 1342 1227 1406 oneribus
1251 1341 1304 1405 ad·

163 1447 297 1510 creuerit
317 1447 398 1528 quod
419 1447 513 1509 etiam
535 1465 571 1509 ex
595 1464 645 1507 me
668 1446 800 1509 accessit
818 1444 971 1508 fructibus
996 1445 1069 1507 suis.
1096 1445 1186 1509 dilexi
1210 1446 1303 1525 enim,

163 1550 271 1630 fateor,
303 1551 333 1613 in
365 1551 431 1613 eius
463 1550 611 1630 obsequio
639 1548 899 1627 benedictionem,
931 1549 1044 1611 timens
1071 1568 1111 1612 ne
1141 1550 1304 1631 repudiata

163 1656 323 1738 elongaret
346 1674 363 1718 a
386 1674 446 1734 me,
471 1656 543 1736 quia
566 1654 717 1735 scriptum
741 1653 901 1717 tenebam:
934 1653 1054 1717 noluit
1076 1652 1303 1718 benedictio·

163 1778 259 1838 nem,
288 1763 322 1823 et
350 1759 588 1841 elongabitur
615 1757 658 1821 ab
687 1776 736 1821 eo.
776 1756 845 1820 dedi
874 1757 977 1837 itaque
1006 1777 1055 1820 me
1079 1760 1179 1821 totum
1204 1759 1303 1822 maui-

162 1864 222 1926 bus
246 1864 311 1926 eius
339 1866 432 1945 atque
464 1862 646 1941 uisceribus
677 1861 751 1942 quia
780 1880 836 1942 per
866 1862 987 1924 uiscera
1017 1861 1155 1924 caritatis
1190 1881 1302 1926 manus

121 1994 134 2031 1
161 1968 296 2030 famulas
320 1972 351 2030 et
378 1966 526 2030 membris
556 1965 634 2029 meis
662 1971 772 2028 unctor
799 1965 986 2046 etpedibus
1013 1965 1093 2028 lotor
1123 1965 1302 2047 adhibebat,

162 2070 339 2135 liberalium
363 2072 474 2153 plenus
497 2070 667 2133 affectuum
696 2069 750 2132 sed
778 2069 939 2132 seruilium
962 2074 1139 2150 praereptor
1163 2087 1302 2152 operum,

162 2176 212 2239 uir
243 2178 279 2238 ut
309 2194 359 2238 me
389 2192 502 2256 aquam
531 2174 709 2238 ministrare
737 2172 881 2236 manibus
909 2174 973 2236 suis
1002 2173 1125 2237 sineret.
1165 2193 1200 2236 er
1222 2174 1302 2240 libro

163 2280 246 2343 enim
264 2282 317 2343 tuo
337 2278 426 2342 istius
442 2278 577 2360 gratiam
598 2278 759 2341 seruitutis
780 2278 935 2356 adamaui,
957 2281 991 2340 ut
1008 2278 1172 2341 minimam
1190 2280 1302 2343 saltem

161 2384 317 2466 guttulam
342 2384 380 2445 de
403 2384 498 2446 sacris
522 2382 651 2445 Martini
677 2381 797 2445 actibus
822 2381 1000 2445 delibarem.
1040 2381 1106 2462 ipse
1130 2401 1203 2446 uero
1226 2385 1302 2447 coti-

162 2488 211 2551 die
235 2505 296 2550 non
320 2487 420 2550 solum
440 2486 534 2569 pedes
555 2504 641 2550 meos
661 2486 777 2564 lauare,
802 2486 855 2548 sed
879 2489 910 2548 et
932 2485 1145 2565 calciamenta,
1170 2487 1195 2550 si
1215 2491 1303 2569 pate·

162 2610 221 2671 rer,
252 2595 373 2674 tergere
397 2591 551 2674 cupiebat,
583 2608 696 2654 auarus
720 2590 939 2654 dominationis
967 2590 1108 2653 internae
1135 2592 1301 2656 etidcirco

162 2713 328 2776 corporeae
351 2695 512 2759 seruitutis
535 2696 664 2777 inpiger.

205 2798 235 2862 1.
260 2798 317 2864 Sed
342 2798 380 2863 de
403 2798 535 2882 pedibus
557 2799 701 2863 lauandis
729 2802 854 2863 tantum
882 2799 979 2863 semel
1007 2799 1106 2863 fateor
1133 2801 1302 2883 apostolico

162 2922 213 2967 me
241 2903 382 2986 exemplo
410 2905 553 2983 cessisse,
584 2921 661 2986 quos
684 2904 822 2987 legeram
845 2902 939 2985 pedes
967 2920 1039 2967 suos
1062 2903 1213 2968 lauandos
1237 2923 1302 2970 ser·

119 3059 124 3070 .
162 3008 260 3072 uienti
291 3006 415 3071 domino
445 3007 635 3090 praebuisse.
674 3027 773 3089 neque
804 3007 886 3071 enim
919 3010 1040 3090 partem
1070 3008 1102 3070 in
1130 3008 1301 3074 hereditate
1405 3010 1407 3014 ’

161 3112 222 3176 nisi
245 3111 428 3176 famulantis
452 3112 599 3193 obsequio
623 3113 824 3194 recepissent,
855 3111 1001 3193 quoniam
1029 3111 1129 3175 bonus
1157 3114 1300 3179 dominus

162 3221 195 3278 et
222 3216 405 3280 salutarium
433 3216 585 3300 magister
616 3216 770 3280 seruieudi
800 3216 973 3280 ministerio
1001 3216 1181 3281 dominandi
1208 3219 1301 3282 meri-

161 3326 229 3383 tum
257 3319 436 3384 conferebat
463 3324 495 3384 et
520 3320 706 3384 humilitatis
734 3321 890 3384 humanae
916 3319 1086 3402 praebebat
1113 3322 1301 3405 exemplum,

265 3501 294 3572 a]
313 3501 502 3571 (1111111114).
557 3501 601 3572 12]
620 3501 664 3555 es.
680 3505 737 3565 ms,
753 3504 792 3558 rs.
847 3501 893 3572 24]
913 3501 1083 3570 (Ioh.13,9).

206 3665 429 3722 lmaniisstabar
451 3668 477 3722 U
527 3666 593 3720 mihi
611 3665 674 3719 hinc
692 3667 723 3721 F
779 3666 972 3738 3coucitaude
990 3668 1059 3734 LM,
1078 3667 1301 3724 contestandaso

160 3755 270 3808 lmetu
287 3755 394 3823 scripsi,
418 3769 491 3807 meae
510 3769 589 3806 causa
607 3755 647 3821 M,
671 3769 743 3806 meae
763 3761 807 3808 eet.
863 3753 943 3823 bob]
967 3758 993 3806 et
1014 3753 1047 3807 ob
1070 3754 1101 3808 F
1149 3757 1235 3823 8pro
1257 3770 1300 3808 ms

160 3856 211 3894 om.
229 3839 261 3895 F
327 3839 398 3908 quod
429 3839 492 3896 ΟΡι
564 3839 699 3908 religionis
731 3840 761 3907 0,
787 3838 918 3908 religiosis
945 3847 990 3895 cet.
1062 3839 1234 3908 adquississet
1261 3840 1299 3896 0¹

162 3929 193 3982 12
212 3925 368 3995 elangueret
385 3926 419 3992 L,
438 3925 608 3994 elongaretur
626 3928 663 3980 M
667 3946 680 3981 u
735 3929 766 3982 11
786 3926 831 3993 qui
854 3927 881 3982 U
935 3930 967 3982 15
985 3926 1071 3979 uictor
1093 3925 1130 3982 0¹
1183 3925 1300 3982 lutorO

162 4015 193 4068 16
211 4016 352 4082 preceptor
363 4012 467 4079 FP'U,
486 4016 638 4082 praereptor
656 4015 700 4067 uel
717 4018 885 4081 praecerptor
903 4013 1030 4067 Ducaercs
1085 4015 1116 4067 17
1134 4017 1165 4066 ut
1182 4013 1226 4066 uir
1239 4014 1303 4070 ΕΜ

160 4099 283 4153 manibus
301 4100 356 4153 suis
374 4099 472 4153 sineret
490 4118 540 4155 om.
560 4099 591 4153 F
651 4102 683 4154 18
701 4099 790 4153 saltim
809 4100 835 4153 L
899 4102 931 4153 19
950 4115 1010 4151 uere
1029 4099 1087 4155 FU
1139 4102 1172 4154 24
1191 4100 1299 4155 cessisse

160 4186 279 4256 exemplo
302 4188 328 4242 U
389 4186 528 4254 seruienti]
548 4185 676 4238 scribenti
698 4188 724 4242 U
791 4185 987 4254 asperrimo
1051 4188 1085 4242 28
1103 4185 1247 4255 prebsebat
1268 4187 1299 4257 0,

160 4272 313 4326 conserebat
331 4273 414 4329 FPU

212 4367 316 4410 xxvlffl.
331 4366 416 4410 Paulini
429 4366 477 4410 Nol.
488 4366 598 4418 epistulae.
1112 4364 1141 4414 ll
