3036 4770
222 311 288 375 414
557 328 727 383 S.Puulinl
746 329 865 384 Nolani
885 330 1028 399 episcopi

223 509 326 587 patres
351 504 417 567 sine
440 522 495 568 suo
520 506 629 569 merito
657 505 838 588 diliguntur,
871 505 1025 587 quomodo
1049 508 1080 569 et
1102 509 1230 588 propter
1260 510 1373 588 patres

224 626 284 672 non
304 609 532 673 saluabuntur?
556 610 620 689 sed,
645 609 705 674 etsi
727 609 844 673 fuerint
859 609 926 672 Noe
942 610 1054 673 Daniel
1080 614 1111 674 et
1126 609 1183 673 Iob
1207 609 1240 673 in
1264 610 1372 674 medio

223 731 340 793 eorum,
363 713 442 778 filios
466 714 567 796 inpios
591 732 651 777 uon
675 713 852 793 minabunt,
876 713 933 777 soli
957 714 1036 778 salui
1060 718 1161 778 eruut.

269 814 318 881 12.
342 816 453 881 Adhuc
476 816 560 881 aliud
583 816 746 881 obscurius
770 818 846 881 mihi
871 837 943 881 erue
966 818 1004 881 ds
1026 817 1178 900 profundo
1202 821 1233 882 et
1255 819 1286 882 in
1310 837 1371 882 ua·

223 921 297 985 dum
318 922 430 1004 profer.
455 922 486 984 in
510 921 642 1003 epistola
657 920 872 985 Colosensium
895 923 1021 986 omnino
1043 922 1188 1006 colligere
1212 940 1273 986 non
1294 941 1371 1003 pos·
1414 948 1428 987 ⁵

223 1045 292 1089 sum
315 1025 395 1106 quod
417 1025 473 1088 ait:
495 1043 598 1089 nemo
619 1043 684 1088 uos
705 1026 859 1089 seducat
878 1026 1008 1089 uolens
1031 1027 1067 1090 in
1091 1026 1308 1090 humilitate
1333 1031 1371 1090 et

223 1129 407 1211 religione
423 1129 654 1211 angelorum,
676 1147 768 1211 quac
790 1147 859 1193 non
881 1130 976 1193 uidit
996 1130 1202 1209 ambulans,
1222 1131 1371 1194 frustra

223 1233 382 1297 inflatus
416 1253 527 1297 sensu
558 1234 681 1297 carnis
716 1252 803 1297 suae
834 1237 870 1297 et
901 1252 971 1298 non
1004 1238 1135 1298 tenens
1169 1238 1288 1317 caput.
1329 1235 1369 1297 de

223 1338 337 1420 quibus
360 1338 479 1421 angelis
501 1338 595 1401 dicit?
619 1339 646 1400 si
669 1338 707 1400 dc
730 1339 863 1402 inimicis
887 1343 919 1403 et
941 1338 1044 1418 malis,
1069 1357 1146 1420 quae
1170 1339 1293 1403 illorum
1319 1358 1371 1403 re-

223 1443 296 1524 ligio
319 1447 375 1506 ant
397 1461 476 1524 quae
501 1442 662 1506 humilitas
686 1447 717 1505 et
741 1444 793 1524 qui
816 1444 859 1507 sit
881 1444 1031 1526 magister
1054 1443 1241 1507 seductionis
1261 1443 1368 1522 huius
1399 1468 1427 1505 rs

223 1548 275 1628 qui
297 1566 352 1629 per
381 1547 544 1610 cbiculum
572 1548 676 1610 nescio
703 1548 791 1610 cuins
819 1547 977 1630 angelicae
1002 1547 1161 1631 religionis
1185 1548 1274 1628 quasi
1297 1549 1370 1611 uisa

223 1655 255 1714 st
282 1655 430 1734 conperta
457 1651 567 1714 doceat
590 1668 667 1732 quae
695 1669 756 1714 non
784 1651 882 1715 uidit?
920 1652 986 1715 siue
1009 1650 1101 1715 dubio
1124 1652 1283 1730 haeretici,
1314 1652 1369 1733 qui

223 1755 379 1819 doctrinas
402 1754 637 1818 daemoniorum
665 1758 696 1818 et
723 1760 896 1836 sequuntur
920 1758 952 1818 et
973 1759 1122 1838 promunt
1143 1755 1303 1837 conceptis
1327 1756 1368 1819 ab

224 1878 330 1923 eornm
351 1860 461 1941 spiritu
477 1857 763 1938 adinuentionibus,
786 1877 865 1940 quac
889 1877 950 1924 nou
973 1859 1121 1923 uiderunt
1142 1859 1370 1942 phantasmata

223 1965 311 2045 quasi
334 1963 403 2026 uisa
423 1962 577 2046 lingentes
598 1966 629 2026 et
649 1963 805 2044 pestiferis
826 1962 1089 2046 disputationibus
1112 1964 1144 2027 in
1167 1963 1261 2027 corda
1283 1964 1368 2027 male
1398 1987 1425 2025 rs

223 2068 348 2131 credula
371 2068 574 2147 seminantes,
597 2067 628 2131 hi
653 2071 726 2131 sunt
749 2068 801 2149 qui
824 2085 885 2132 non
909 2071 1019 2132 tenent
1041 2071 1135 2151 capnt
1156 2067 1188 2132 id
1212 2071 1261 2130 est
1277 2066 1369 2132 Chri·

223 2175 309 2235 stum
331 2172 451 2236 fontem
474 2171 627 2250 ueritatis,
653 2172 741 2235 cuius
764 2172 921 2235 doctrinae
944 2172 1089 2253 quioquid
1112 2171 1296 2235 aduersatus
1319 2172 1369 2236 in-

224 2295 336 2341 sanum
364 2281 420 2340 est.
461 2276 545 2340 ethi
569 2276 652 2340 caeci
676 2276 770 2339 ducos
794 2292 967 2355 caecorum,
995 2275 1168 2357 dequibus
1192 2276 1252 2340 dioi
1274 2280 1367 2358 puto:

224 2400 278 2444 me
298 2380 582 2461 dereliquerunt
601 2380 742 2444 iontem
767 2398 882 2461 aquae
906 2381 1015 2444 uiuae
1039 2384 1075 2445 et
1093 2379 1270 2444 foderunt
1292 2379 1367 2444 sibi

225 2486 327 2549 lacus
351 2485 552 2563 contritos,
576 2485 638 2566 qui
661 2502 732 2547 non
755 2487 886 2548 tenent
908 2502 1048 2565 aquam.
1394 2509 1423 2546 so

326 2648 355 2718 2]
374 2647 586 2716 (Εῑθοὴ.14,14.
602 2649 652 2714 16).
717 2647 745 2716 6]
765 2646 858 2715 eoba,
873 2649 912 2703 18.
986 2646 1030 2716 12]
1049 2647 1073 2715 (1
1092 2647 1198 2709 rima,
1214 2647 1246 2714 1).
1321 2648 1365 2716 18]

222 2735 328 2804 (Matth.
344 2738 384 2798 15,
399 2738 448 2803 ll).
504 2734 548 2803 19]
567 2733 640 2787 Hier.
653 2737 678 2800 2,
694 2737 732 2790 13.

268 2881 452 2951 ldiliguntp
523 2883 616 2950 quos
680 2881 856 2936 2saluantur
874 2881 954 2950 Fas,
978 2880 1107 2950 saluaitur
1128 2879 1195 2949 (bun
1213 2878 1244 2936 ia
1262 2883 1367 2953 sapic

225 2973 253 3023 et
271 2989 321 3024 om.
339 2971 366 3024 U
415 2969 453 3022 ios
473 2987 490 3020 α
546 2969 685 3038 3eomm]
704 2971 732 3021 st
749 2970 812 3023 add.
828 2967 859 3034 η’
911 2966 992 3037 lilios]
1011 2967 1066 3038 lip
1118 2967 1241 3023 ladhuc
1258 2970 1367 3037 omli,

225 3060 253 3109 at
270 3077 295 3121 η,
314 3059 362 3109 aut
380 3074 402 3124 φ
460 3054 527 3108 mihi
546 3055 618 3108 aliud
638 3054 775 3109 obscurius
794 3055 829 3123 F,
847 3053 921 3108 alind
940 3053 1007 3107 mihi
1025 3054 1164 3109 obscurius
1182 3053 1304 3122 (obscrus
1322 3056 1366 3126 9¹)

222 3145 264 3211 fp,
284 3143 351 3196 milri
369 3142 506 3195 obscurius
525 3140 596 3195 aliud
620 3143 653 3208 U,
676 3141 748 3195 aliud
767 3141 905 3195 obscurius
924 3140 997 3210 aliud
1020 3141 1102 3196 michi
1124 3142 1152 3209 Ο,
1175 3140 1248 3195 aliud
1270 3141 1366 3196 obscu-

223 3229 278 3281 rius
296 3229 362 3282 mihi
382 3228 519 3282 obscurius
534 3234 557 3280 Γ
606 3245 669 3282 exue
686 3231 712 3284 U
761 3228 935 3297 5epistolam
950 3234 992 3297 Γγ
1046 3228 1234 3283 colossensium
1252 3228 1367 3299 Mol,

222 3315 435 3384 colocensiumf
500 3315 661 3384 omniumy
733 3332 785 3368 non
810 3313 933 3385 colligere
956 3318 987 3385 U,
1009 3315 1159 3385 intelligere
1181 3331 1235 3369 non
1253 3316 1367 3371 Lebsan

222 3402 408 3457 (ihumilitate
427 3402 548 3471 cordisp
601 3401 777 3456 lambulaus
794 3420 828 3457 cc
845 3402 959 3471 amplius
977 3422 1001 3472 ρ,
1019 3402 1188 3472 inculcansp
1241 3402 1366 3472 iustrap

222 3492 340 3545 8sensu
363 3507 415 3543 om.
439 3509 457 3556 y
528 3489 692 3559 9inimicis]
715 3488 834 3542 minimis
857 3509 874 3541 α
944 3494 972 3543 ct
993 3489 1087 3544 om.e¹
1159 3491 1191 3544 10
1214 3491 1261 3542 aut
1285 3490 1367 3560 quae]

223 3581 301 3645 atque
323 3577 400 3644 Fuf
449 3580 476 3630 et
497 3595 549 3631 om.
562 3578 600 3631 M
657 3576 716 3645 quis
738 3577 774 3630 sit
797 3577 874 3646 ap²p
889 3576 953 3645 Col,
977 3576 1036 3644 quis
1058 3579 1099 3629 est
1117 3576 1157 3642 Μ,
1176 3575 1235 3643 quis
1253 3577 1368 3632 Leusm

224 3668 254 3721 ll
282 3666 332 3718 hoc
360 3667 540 3733 temptumy
604 3664 647 3719 cui
673 3663 706 3734 ρι
771 3663 949 3732 agnelicaeG
1011 3662 1146 3731 roligionis
1168 3662 1248 3716 huius
1274 3663 1367 3732 (huius

222 3753 407 3822 aep.m.2)0
460 3754 493 3806 12
512 3755 648 3821 copertay
701 3750 829 3806 docetM
876 3749 1086 3820 dubio]sadd.
1104 3768 1120 3819 ρ
1139 3753 1204 3805 m.2
1258 3753 1290 3806 13
1303 3749 1367 3804 doc-

221 3839 306 3892 trinas
323 3857 341 3909 p
357 3858 378 3895 s.
392 3841 408 3893 l.
464 3843 491 3893 et
509 3858 588 3908 emp
643 3841 675 3895 14
694 3839 828 3892 fantasma
847 3843 874 3905 Γ,
893 3836 1055 3892 fantasmata
1068 3837 1192 3907 plerique
1245 3839 1277 3892 15
1290 3838 1367 3905 quasi

222 3927 280 3980 uisa
296 3945 347 3983 om.
368 3947 394 3995 y,
412 3927 486 3995 quasi
506 3927 595 3981 uitac
665 3930 692 3980 et
714 3945 764 3982 oca.
784 3927 815 3980 F
815 3927 861 3994 Uf
926 3923 1170 3995 computationibus
1187 3923 1237 3992 Fr
1286 3924 1368 3979 corde

222 4014 296 4082 Foy
351 4016 382 4070 16
400 4013 507 4067 credulo
526 4033 542 4065 c
595 4013 633 4066 hii
653 4015 733 4070 MUc
785 4028 838 4066 non
861 4014 948 4082 pal.
1008 4015 1067 4066 tant
1086 4017 1109 4064 Γ
1166 4013 1317 4080 ceputcm.
1337 4013 1367 4069 o¹

224 4103 255 4155 17
275 4101 432 4169 doctrinar
486 4103 519 4156 18
531 4105 572 4154 est
584 4118 635 4156 om.
653 4102 679 4156 U
728 4101 860 4169 lriiMco,
878 4100 963 4168 hicl',
982 4117 1033 4155 om.
1051 4100 1078 4155 U
1127 4099 1367 4167 cecorum(corum

221 4189 253 4242 ia
275 4206 329 4243 ras.
348 4207 382 4243 m.
401 4188 474 4255 :aa
525 4186 556 4240 de
581 4205 672 4256 oms
725 4187 834 4255 dicity
889 4189 921 4241 19
935 4185 1163 4255 ’derelinquerunt
1186 4203 1227 4254 cy,
1251 4184 1368 4255 relique-

222 4277 287 4328 runt
305 4273 338 4345 9¹
