3036 4770
169 303 230 367 156
497 320 523 374 S.
536 320 669 375 Paulini
688 320 808 375 Nolani
827 320 973 390 episcopi

165 514 272 559 meum
294 496 410 576 horret,
434 514 491 580 ego
514 497 597 560 illius
622 496 781 579 crapulam
804 498 886 561 ferre
909 515 971 560 non
991 513 1129 578 possum.
1154 495 1207 559 ille
1227 495 1312 560 hali-

164 603 232 664 tum
255 601 399 664 monachi
421 601 577 682 loquentis
605 602 713 681 euitat,
745 620 801 684 ego
825 601 935 665 flatum
958 600 1126 664 Thrasonis
1152 601 1310 664 ructantis

165 703 287 788 effugio.
314 704 341 768 si
362 704 425 769 illis
449 705 589 788 displicet
611 706 747 789 gutturis
770 705 869 770 nostri
890 705 1022 784 siccitaS,
1046 709 1077 768 et
1100 703 1190 768 nobis
1212 704 1310 787 gulae

164 809 310 873 cruditas
344 810 370 873 si
393 810 462 874 illos
486 809 617 874 offendit
639 810 827 893 frugalitatis
852 810 990 888 ariditas,
1014 814 1045 873 et
1067 826 1123 873 nos
1145 809 1308 874 uentrium

163 912 292 977 offendit
312 914 477 996 ingluuies
498 914 625 978 uideant
645 932 717 998 ergo
737 933 793 978 nos
814 933 875 979 non
895 932 987 977 mane
1007 913 1083 977 ebrii
1103 913 1157 978 sed
1173 932 1308 997 uespere
1352 944 1367 984 a

163 1017 260 1081 ieiuni
271 1037 327 1081 nec
337 1018 483 1082 hesterno
493 1018 592 1082 inflati
602 1019 674 1083 uino
685 1019 740 1082 sed
749 1018 896 1082 hodierno
909 1017 1055 1082 abstemii
1064 1036 1121 1082 neo
1130 1018 1168 1082 dc
1178 1019 1309 1101 crapula

163 1120 298 1185 libidinis
315 1122 475 1186 dementer
490 1122 653 1187 instabiles
674 1123 729 1186 sed
749 1123 862 1206 uigiliis
878 1123 1049 1187 honestatis
1064 1123 1184 1206 integre
1207 1123 1310 1187 saucii

164 1229 195 1289 et
210 1226 311 1290 sobrie
326 1228 501 1307 temulenti,
518 1245 595 1308 quos
615 1228 803 1310 parsimonia
822 1227 927 1306 faciat,
944 1245 1005 1291 uou
1021 1245 1136 1311 uorago
1158 1226 1307 1291 titubare.

207 1328 236 1394 3.
265 1329 373 1394 Talem
397 1349 453 1395 nos
478 1331 626 1413 epistolae
654 1335 726 1395 tuae
751 1332 932 1414 portitorem
960 1333 1116 1415 excepisse
1138 1332 1307 1412 laetamur,

163 1453 256 1516 quem
279 1453 353 1519 rogo
377 1435 421 1499 sic
444 1437 587 1517 accipias
614 1437 702 1517 quasi
726 1455 744 1499 a
767 1440 797 1499 tc
821 1438 935 1499 missus
959 1436 1034 1500 mihi
1057 1435 1185 1500 uenerit.
1213 1453 1308 1499 nam·
1336 1466 1365 1504 10

163 1557 222 1620 que
243 1539 407 1619 intereos,
428 1541 480 1622 qui
502 1541 569 1604 nice
586 1541 788 1604 fraternitatis
807 1545 877 1604 tuae
898 1541 936 1604 ad
957 1560 1007 1605 me
1025 1544 1188 1619 uenerunt,
1209 1538 1308 1605 debet

163 1647 194 1707 et
217 1643 276 1707 iste
299 1646 467 1725 numerari,
495 1646 543 1708 cui
567 1646 720 1724 dominae,
752 1649 787 1709 ut
809 1646 853 1709 ita
875 1664 894 1708 a
917 1650 947 1708 te
970 1648 1197 1723 numeraretur,
1219 1643 1308 1708 litte-

162 1766 212 1812 ras
236 1752 306 1812 tnas
330 1752 361 1812 et
383 1750 547 1833 ignorante
570 1755 601 1813 te
624 1749 759 1813 tradidit.
783 1753 857 1832 puto
881 1753 986 1813 autem
1010 1748 1091 1830 qnod
1115 1751 1146 1812 et
1169 1751 1203 1812 tu
1224 1748 1307 1813 dini-

163 1870 220 1915 nae
247 1852 339 1916 huius
365 1854 485 1936 gratiae
513 1852 699 1917 beneficium
727 1855 798 1918 buio
821 1855 961 1936 deputeS,
992 1873 1047 1936 per
1070 1872 1161 1935 quem
1189 1856 1221 1916 et
1243 1851 1307 1917 tibi

162 1957 346 2037 praestitum
370 1960 428 2037 est,
453 1977 491 2021 ne
511 1958 631 2021 litteras
655 1957 745 2022 nobis
765 1963 835 2022 tuas
859 1976 920 2021 non
942 1957 988 2021 tni
1011 1957 1146 2039 corporis
1166 1956 1306 2039 perlator
1334 1984 1362 2024 ιε

162 2060 306 2125 adferret.
346 2062 400 2125 sed
423 2067 531 2126 tamen
557 2063 654 2145 ipsine
677 2081 753 2146 pace
776 2063 938 2126 laudatum
962 2061 1124 2127 Senianum
1153 2061 1233 2141 uolo,
1263 2080 1305 2126 ne

162 2183 212 2228 me
235 2165 280 2229 illi
302 2185 410 2230 rursus
431 2185 566 2230 accuses.
590 2167 785 2249 praedicasse
807 2167 889 2230 enim
910 2185 961 2230 me
980 2167 1069 2229 illum
1090 2165 1190 2247 magis
1206 2183 1304 2245 qnam

161 2269 356 2351 uituperasse
376 2271 516 2334 existimo
537 2290 643 2335 eorum
665 2271 970 2350 commemoratione,
992 2269 1152 2350 inquibus
1174 2287 1305 2334 necesse

162 2378 210 2437 est
231 2375 380 2457 glorietur
403 2375 455 2456 qui
478 2395 546 2439 esse
574 2380 630 2439 aut
656 2375 753 2438 uideri
777 2376 946 2439 monachus
970 2374 1134 2438 crubescit.
1169 2372 1304 2454 denique

161 2478 334 2542 meministi
363 2479 395 2542 in
419 2479 556 2562 Vergilio
585 2479 709 2542 Furiam
740 2480 788 2543 his
819 2479 939 2543 laudari
968 2496 1047 2559 quae
1078 2477 1180 2541 solent
1208 2475 1303 2541 obici.
1332 2506 1360 2545 sc

161 2582 231 2646 uide
262 2588 367 2647 autem
399 2603 437 2647 ne
465 2584 540 2647 mihi
566 2583 776 2663 calumnieris,
805 2584 886 2664 quod
915 2581 1030 2664 aliquid
1057 2583 1095 2646 de
1118 2584 1211 2664 poeta
1238 2599 1303 2646 non

161 2687 259 2751 nostri
287 2687 350 2751 iam
385 2687 479 2751 studii
513 2691 674 2769 tamquam
708 2687 858 2771 propositi
892 2687 1023 2752 uiolator
1056 2686 1303 2768 adsumpserim;

161 2791 294 2874 exempli
316 2792 361 2855 tui
387 2792 570 2856 auctoritate
594 2793 652 2857 hoc
679 2811 729 2856 me
756 2792 866 2856 fecisse
895 2795 1065 2865 contestor3
1096 2794 1186 2854 teneo
1214 2789 1302 2854 enim

161 2896 325 2978 epistolam
348 2899 444 2976 tuam,
469 2897 518 2959 cui
541 2897 681 2960 clausula
703 2900 768 2960 est:

348 3017 451 3082 Viuite
475 3019 592 3098 felices,
615 3017 729 3099 quibus
753 3021 801 3081 est
823 3017 948 3081 fortuna
970 3022 1106 3098 peracta,
1329 3043 1357 3082 aa

160 3139 215 3204 sed
246 3144 278 3204 et
306 3141 403 3221 illam,
438 3141 470 3204 in
501 3159 562 3222 qua
591 3159 646 3224 pro
678 3140 847 3205 domestica
878 3139 951 3203 sede
981 3140 1079 3203 larem
1110 3138 1299 3202 familiarem

159 3243 297 3309 Plautini
320 3263 440 3309 memor
462 3245 582 3327 prologi
606 3244 784 3308 nominasti.

263 3373 309 3442 20]
329 3372 416 3440 (Verg.
435 3373 500 3426 Aen.
519 3371 579 3434 VII,
593 3374 644 3427 323
657 3373 723 3440 sqq.)
805 3372 851 3441 25]
870 3370 948 3439 Verg.
962 3371 1027 3424 Aen.
1040 3370 1091 3434 ΙΙΙ,
1104 3372 1163 3425 493.
1252 3370 1300 3439 27]

160 3459 260 3527 (Plaut.
274 3459 335 3514 Aul.
348 3458 414 3528 prol.
427 3462 463 3528 2).

205 3576 218 3629 1
232 3587 336 3642 possem
349 3572 434 3628 FPU
481 3571 630 3626 hanelitum
640 3573 682 3639 M,
695 3571 789 3624 alitum
802 3571 913 3628 FOPU
962 3569 1125 3638 flaccentis
1139 3568 1262 3623 monachi
1273 3569 1304 3623 F

159 3661 273 3714 trasonis
291 3661 359 3723 Lm,
377 3658 514 3728 tyhasonis
536 3658 559 3712 0
619 3661 636 3713 3
654 3657 744 3727 gulae]
763 3674 855 3711 eorum
873 3656 965 3711 addo
1029 3659 1046 3711 4
1065 3661 1092 3709 et
1114 3656 1164 3724 Oc,
1187 3674 1237 3711 om.
1252 3663 1298 3712 cet.

158 3750 284 3800 nentrum
303 3747 333 3800 F
391 3746 530 3814 borgal]
584 3745 693 3797 ueniant
712 3760 774 3812 ergo
793 3744 826 3797 ad
846 3760 893 3797 nos
907 3745 943 3798 M
1001 3744 1186 3799 dexternoU
1252 3742 1299 3796 ab·

159 3833 246 3887 stanni
269 3835 296 3890 U
362 3833 493 3901 rintegri
510 3833 541 3901 0,
559 3833 676 3900 integrae
695 3832 726 3886 F
793 3834 825 3886 10
844 3831 957 3899 excipias
969 3832 1033 3884 Lm
1100 3829 1211 3883 missum
1228 3828 1298 3885 ΙἸΙι

161 3923 192 3976 12
210 3923 238 3973 et
255 3938 305 3976 oca.
324 3920 389 3974 Lm
438 3919 476 3972 ita
494 3938 544 3976 om.
563 3918 628 3974 LM
680 3922 713 3974 13
732 3921 791 3972 tuas
809 3919 847 3987 et]
866 3922 925 3970 tuas
943 3917 1057 3971 etiamn
1109 3917 1206 3985 putU
1256 3916 1299 3985 tu]

159 4011 185 4060 te
203 4007 233 4061 F
284 4011 315 4063 15
334 4006 387 4076 tui]
406 4011 468 4059 tuus
486 4004 591 4072 FP’U,
614 4008 660 4058 tua
673 4005 713 4059 P¹
769 4005 949 4060 lacorianum
967 4005 986 4071 (i
1004 4005 1128 4059 crassati
1146 4005 1177 4057 in
1193 4001 1299 4071 baldi,

158 4093 337 4148 Marrucinum
350 4095 525 4150 contraeas.
581 4095 611 4146 17
621 4099 746 4161 poetme
760 4111 809 4147 oca
823 4093 888 4146 ΕΜ
938 4090 1163 4159 qnamistumM
1211 4091 1245 4144 20
1257 4089 1299 4159 in]

159 4184 185 4233 et
197 4181 224 4232 in
237 4182 302 4235 ΕΜ
351 4181 463 4248 uertigio
480 4179 688 4248 0,uirgiliccct.
743 4179 803 4233 iisc-
856 4181 888 4233 27
903 4177 1059 4246 nominasti]
1074 4176 1299 4230 ualeasoroodd.

159 4265 262 4322 FP’U.
283 4267 440 4335 -explicit
460 4268 496 4334 L,
514 4265 621 4333 explicit
638 4265 751 4334 epistola
772 4271 844 4318 sexta
865 4265 899 4331 F,
921 4264 983 4317 finit
1003 4262 1037 4316 ad
1054 4278 1176 4318 seuerum
1193 4261 1254 4316 VII.
1276 4262 1300 4317 0
