3036 4770
329 347 1257 418 appendix.epistadblercell.‚c.8;adCelanciam,c.1—2.
1299 333 1362 398 437

223 525 381 601 sponsione
400 526 529 586 dubitaui
549 526 695 586 silentium
715 527 784 585 mibi
806 527 964 602 imperante
984 529 1165 587 uerecundia.
1202 529 1248 588 cni
1268 533 1365 589 tamen

222 620 383 681 fortissime
396 620 551 680 resistebat
566 622 663 681 etnim
677 622 801 682 faciebat
811 641 925 697 precum
939 627 1052 682 tuarum
1064 624 1156 682 tidelis
1168 625 1294 696 ambitio,
1310 643 1364 699 pu·

222 718 389 792 gnsbatque
404 716 508 777 acriter
522 736 585 776 cum
601 718 791 778 haesitatione
810 736 872 778 mea
892 720 1038 778 humilitas
1058 719 1236 778 obsecrantis
1255 723 1284 778 et
1303 738 1363 778 ma-

223 829 285 888 gna
299 813 419 888 quadam
433 812 499 873 fidei
514 813 653 873 uiolentia
668 814 725 873 orio
742 815 867 873 claustra
881 815 1025 889 pulsabat,
1045 833 1164 890 cumque
1180 815 1222 874 sic
1237 815 1363 874 animum

182 923 197 964 a
224 908 258 967 in
278 909 397 982 unoque
417 910 567 969 nutantem
587 909 722 984 cogitatio
742 909 857 968 diuersa
876 910 1004 981 libraret,
1024 929 1114 985 paene
1134 912 1224 985 pudor
1243 911 1365 970 exclusit

222 1003 357 1064 officinm.
389 1006 438 1064 sed
458 1004 580 1074 moilla,
602 1023 685 1080 quam
707 1006 903 1080 supraposui,
924 1007 1064 1079 sapientis
1081 1007 1226 1065 sententia
1241 1006 1365 1066 armauit

223 1101 259 1158 ad
279 1100 473 1174 depellendam
493 1100 624 1159 inutilem
645 1101 846 1160 uerecundiam
867 1105 896 1160 et
916 1103 1083 1160 damnosum
1104 1101 1249 1160 silentium
1273 1103 1363 1161 resol-

223 1196 358 1268 uendum,
377 1211 441 1255 oum
461 1196 560 1270 utique
580 1195 671 1271 ipsam
693 1196 835 1255 scribendi
855 1214 969 1255 causam
990 1200 1048 1255 tam
1068 1197 1218 1256 honestam
1238 1197 1363 1256 uiderem

223 1308 298 1362 csse,
317 1293 376 1350 tam
396 1294 534 1363 sanctem,
554 1295 588 1350 ut
602 1309 718 1366 peccare
734 1310 777 1350 me
793 1294 944 1363 crederem,
966 1293 992 1350 si
1012 1295 1144 1363 tacerem,
1165 1293 1235 1351 illud
1254 1311 1362 1351 mecum

165 1401 193 1441 ιο
224 1385 383 1460 scripturae
398 1389 550 1461 reputans:
566 1389 701 1461 tempus
717 1387 856 1447 tacendi
872 1391 905 1446 et
920 1390 1053 1463 tempus
1069 1388 1244 1462 loquendi,
1265 1391 1293 1446 et
1309 1389 1363 1446 ite·

223 1499 301 1540 rum:
328 1500 369 1541 ne
391 1481 547 1541 retineas
570 1486 709 1541 uerbum
734 1483 768 1541 in
792 1486 944 1558 tempore
967 1483 1112 1555 salutis,
1140 1483 1260 1542 utillud
1287 1484 1363 1542 beati

223 1576 316 1636 Petri:
341 1576 456 1651 parati
480 1596 613 1653 semper
635 1579 673 1636 ad
699 1577 981 1638 satisfactionem
1007 1579 1096 1639 omni
1120 1579 1280 1654 poscenti
1303 1596 1363 1638 uos

223 1671 403 1732 rationem.

269 1773 297 1827 2.
317 1769 396 1827 Petis
417 1786 539 1844 namque
560 1772 588 1829 et
608 1770 729 1829 sollicite
750 1787 783 1828 ac
802 1771 943 1829 uiolenter
961 1770 1047 1844 petis,
1071 1772 1103 1828 ut
1125 1770 1178 1830 tibi
1201 1775 1305 1829 certam
1330 1789 1362 1829 91

163 1887 193 1927 rs
224 1862 375 1937 scripturis
396 1865 505 1924 sanctis
525 1865 728 1939 praefiniamus
748 1865 886 1940 regulam,
908 1867 1046 1940 adquam
1066 1870 1097 1924 tu
1118 1866 1233 1924 ordines
1248 1883 1363 1924 cursum

223 1958 300 2017 uitae
315 1960 391 2030 tuae,
412 1963 445 2018 ut
460 1960 576 2034 cognita
591 1960 696 2019 domini
713 1962 863 2020 uoluntate
883 1961 960 2018 inter·
974 1962 1096 2020 honores
1116 1961 1222 2020 saeculi
1242 1963 1271 2019 91
1289 1959 1362 2018 diui·

222 2053 327 2112 tiarum
353 2054 501 2115 illecebras
521 2073 629 2113 morum
650 2056 742 2130 magis
762 2055 866 2130 diligas
887 2056 1091 2130 supellectilem
1112 2059 1197 2130 atque
1217 2059 1250 2114 ut
1268 2056 1362 2130 possis

223 2149 254 2208 in
275 2149 407 2225 coningio
427 2150 586 2210 constituta
605 2169 664 2211 non
688 2150 778 2210 solum
801 2151 916 2226 coniugi
940 2152 1050 2225 placere
1073 2153 1121 2210 sed
1145 2151 1229 2209 etiam
1253 2151 1289 2222 ei,
1313 2152 1361 2225 qui

223 2244 318 2319 ipsum
337 2245 501 2322 coniugium
522 2246 652 2305 indulsit.
687 2247 732 2305 cui
753 2250 811 2304 tam
831 2250 948 2305 sanctae
968 2247 1101 2322 petitioni
1120 2250 1235 2321 tamum
1250 2247 1297 2321 pio
1313 2248 1362 2305 de·

163 2365 195 2406 20
223 2339 326 2399 siderio
350 2358 408 2400 non
433 2340 600 2401 satisfacere
623 2342 690 2416 quid
713 2342 790 2400 uliud
814 2345 859 2401 est
882 2360 966 2416 quam
985 2341 1143 2417 proiectum
1163 2342 1281 2400 alterius
1302 2360 1361 2402 non

222 2439 337 2495 amare?
366 2440 471 2510 parebo
492 2436 581 2512 igitur
596 2437 727 2510 precibus
743 2437 801 2495 tuis
817 2441 901 2511 teque
921 2440 1050 2511 paratam
1070 2438 1104 2495 ad
1126 2437 1296 2511 implendam
1317 2437 1361 2496 dei

223 2531 400 2591 uoluntatem
416 2530 508 2607 ipsius
523 2532 602 2591 nitar
617 2532 738 2591 incitare
754 2532 916 2591 sententiis.
949 2533 1022 2591 idem
1039 2533 1113 2590 enim
1130 2549 1215 2591 uerus
1235 2533 1360 2591 omnium

222 2627 354 2687 dominus
376 2644 410 2686 ac
433 2627 581 2703 magister,
605 2628 653 2703 qui
676 2645 731 2687 nos
757 2632 786 2686 et
811 2628 923 2703 placere
950 2628 1005 2687 sibi
1032 2628 1111 2687 iubet
1137 2632 1166 2687 et
1195 2630 1276 2687 docet
1305 2646 1360 2703 quo

222 2723 303 2782 modo
320 2723 434 2798 placere
453 2723 606 2798 possimus.
638 2723 699 2797 ipse
720 2724 816 2798 itaque
836 2726 865 2782 te
884 2724 1029 2795 informet,
1051 2723 1113 2797 ipse
1131 2727 1160 2782 te
1179 2724 1287 2794 doceat,
1311 2723 1360 2797 qui

161 2842 195 2884 25
221 2818 414 2895 interroganti
438 2819 469 2878 in
490 2819 639 2895 euangelio
659 2818 831 2879 adolescenti
859 2820 926 2894 quid
952 2819 1069 2892 faceret,
1095 2821 1129 2878 11
1154 2818 1243 2878 uitam
1269 2836 1360 2879 mere-

327 2997 371 3067 10]
389 2996 469 3052 Eccli.
483 2999 507 3062 3,
521 3000 544 3052 7.
600 2997 644 3067 ll]
662 2997 743 3052 Eccli.
756 2999 781 3061 4,
794 3000 836 3054 28.
891 2997 935 3067 12]
955 2996 1132 3062 ΙΡ91.3,15.
1187 2996 1359 3067 23](1191111.

223 3085 328 3154 19‚17).

265 3248 508 3319 assistemus
577 3249 732 3318 lquadam
755 3249 831 3319 fidei]
855 3250 969 3318 quodam
994 3250 1114 3319 modom
1185 3250 1233 3318 sic]
1258 3261 1362 3318 sanem

221 3338 428 3406 5ntrumqnerp
479 3335 599 3390 uibraret
615 3355 635 3392 x
685 3336 831 3405 pudorisue
884 3337 1089 3406 dsapieutieuae
1142 3336 1361 3406 lpelleudamu

221 3422 374 3480 8uidarim
396 3442 416 3478 u
486 3423 593 3492 9esse]
616 3439 672 3477 esse
695 3426 768 3492 91ψ
838 3440 879 3476 me
903 3434 934 3492 ψ,
956 3440 998 3477 me
1021 3423 1128 3476 omuino
1152 3440 1224 3489 uuo,
1252 3423 1359 3476 omniuo

221 3526 300 3580 moy
360 3511 489 3565 credarim
507 3529 527 3565 u
588 3510 734 3579 scripturae
753 3521 899 3578 mecumue
958 3513 990 3565 lo
1008 3509 1133 3578 loquendi
1151 3513 1178 3562 91
1196 3513 1301 3578 tempus
1320 3512 1360 3562 ta-

222 3596 340 3667 cendio
401 3601 431 3653 ll
452 3598 497 3668 ne]
516 3613 564 3652 nec
581 3616 601 3651 u
664 3600 696 3652 12
714 3597 831 3665 possenti
850 3613 897 3649 uos
916 3596 1005 3649 redere
1025 3595 1155 3648 rationem
1173 3614 1190 3648 v
1253 3598 1285 3650 14
1304 3595 1359 3647 uio·

220 3682 318 3754 lenter]
336 3683 481 3752 uigilanter
502 3702 543 3738 av
613 3684 693 3753 petis]
718 3684 851 3752 poscisu
914 3687 945 3738 15
964 3682 1063 3736 sanctis
1081 3694 1174 3749 111111
1234 3682 1359 3750 perfinia·

221 3771 332 3826 111111ι
387 3773 420 3826 16
432 3774 462 3825 ut
474 3788 524 3840 sy,
536 3773 563 3824 et
575 3781 645 3838 unu
695 3770 906 3840 bonoremuup
958 3769 1165 3823 secutihouores
1182 3786 1199 3818 υ
1254 3771 1359 3823 18111-

221 3857 317 3911 stituta
334 3876 385 3914 om.
403 3876 421 3910 o
490 3858 513 3911 ei
532 3867 626 3925 once
691 3859 723 3912 le
747 3856 834 3926 ipsum
858 3875 908 3912 om.
928 3874 947 3910 u
1000 3855 1154 3923 coniugium
1177 3853 1317 3907 indulserit
1334 3872 1359 3922 o,

221 3942 334 3998 indulsit
352 3944 523 4013 coniungium
541 3962 561 3998 u
625 3947 656 3999 21
677 3943 772 4012 igitur]
792 3954 896 4011 ergou
962 3941 1062 3994 domiui
1080 3952 1150 4007 aevu
1211 3944 1245 3996 22
1264 3940 1358 4010 ipsius]

221 4031 374 4100 iampiisrp
419 4030 667 4101 111911]911111111.ψ
714 4034 740 4083 et
753 4031 872 4084 omnium
887 4029 1009 4083 dominus
1023 4032 1050 4082 91
1061 4028 1220 4095 magisterio
1264 4030 1299 4082 23
1312 4043 1359 4080 uos

221 4122 506 4189 111111111111111ι
553 4116 656 4186 placere
678 4135 728 4172 om.
753 4135 773 4171 u
842 4119 876 4172 24
898 4116 921 4169 ei
944 4115 1047 4184 placere
1070 4131 1142 4183 xpo,
1168 4114 1271 4183 placere
1295 4114 1318 4166 ei
1341 4131 1360 4168 u

221 4220 361 4274 possumus
379 4223 399 4260 u
467 4207 501 4261 25
524 4204 609 4259 uitam
633 4207 751 4259 eternam
774 4208 920 4260 mercretur
945 4213 976 4273 ψ,
1000 4204 1146 4256 mereretur
1168 4201 1253 4255 uitam
1275 4203 1359 4256 aeter·

221 4309 283 4350 nam
302 4311 321 4351 14
