3052 4784
432 342 575 413 epistula
592 342 724 407 XXXXV,
743 361 765 397 c.
779 347 859 406 7-8;
877 343 1147 406 xxxxvr‚c.1-2.
1297 325 1359 390 387

221 518 323 583 Maias
344 519 431 582 uenit
450 519 488 582 ad
509 537 576 598 nos,
599 521 634 582 ut
653 518 805 601 rescripta
820 522 949 601 peteret,
973 521 1004 582 et
1023 518 1125 582 idibus
1146 522 1218 582 ante
1240 522 1360 583 sextam

220 624 335 688 dimitti
362 623 508 688 obtinuit.
547 622 650 687 uidete
678 640 751 706 ergo
780 625 885 686 utrum
913 641 985 686 eum
1013 623 1297 687 commendauerim
1321 641 1361 687 an

219 727 432 792 accusauerim
449 726 628 791 huiusmodi
644 727 833 791 testimonio.
858 727 937 791 sorte
957 727 1051 808 enim,
1067 727 1164 791 immo
1184 728 1251 791 sine
1267 727 1361 791 dubio

219 832 386 897 laudabilis
416 832 517 915 magis
544 849 639 913 quam
669 831 834 915 culpabilis
867 830 1057 895 iudicabitur
1083 831 1136 913 qui
1167 849 1185 895 a
1211 831 1360 912 tenebris,

180 963 193 1002 r
220 937 302 1019 quod
324 937 358 1000 in
380 936 599 1018 conparatione
622 937 720 1001 uestri
743 937 870 1000 luminis
894 954 1014 1017 sumus,
1045 935 1217 1000 iustissime
1239 935 1362 1000 refesti·

220 1041 308 1105 nauit
329 1040 369 1104 ad
391 1041 494 1104 luoem
516 1058 617 1104 suam.

701 1282 877 1347 XXXXVI.

482 1441 639 1505 Pavumvs
662 1441 783 1506 ermo
806 1460 920 1504 111111
943 1461 1095 1504 surram

264 1614 293 1680 1.
317 1615 375 1679 Vel
398 1614 509 1679 breues
538 1614 626 1679 nobis
655 1614 693 1679 ab
721 1614 927 1679 unanimitate
950 1618 1005 1679 tua
1027 1615 1150 1680 litterae
1176 1634 1291 1700 magno
1314 1637 1363 1681 re-

167 1745 192 1784 11
219 1721 345 1805 frigerio
377 1723 462 1800 sunt,
493 1719 585 1783 aienti
613 1719 646 1783 in
672 1720 824 1803 paenuria
849 1719 1030 1803 pluuiarum
1057 1738 1131 1804 ager
1159 1720 1267 1785 sitiens
1293 1740 1362 1785 rore

217 1827 389 1906 recreatur,
415 1823 497 1888 unde
518 1824 653 1888 refectos
676 1842 733 1887 nos
756 1825 899 1906 quamuis
922 1823 1010 1888 breui
1034 1824 1169 1907 epistula
1191 1827 1255 1906 tua,
1283 1828 1363 1890 atta·

218 1948 292 1992 men
312 1931 377 2010 tua,
396 1947 452 2011 per
470 1947 604 2013 puerum
625 1928 841 1992 communium
860 1927 995 1992 filiorum
1015 1929 1161 2009 fatemur,
1185 1930 1240 1993 sed
1257 1933 1363 1993 tamen

218 2051 328 2098 rursus
362 2032 511 2114 adfectos,
547 2032 621 2115 quia
656 2033 751 2097 etiam
785 2051 869 2097 nunc
903 2051 959 2097 uos
993 2033 1025 2097 in
1060 2037 1148 2098 aestu
1182 2034 1364 2098 sollieitudi-

218 2138 267 2202 nis
291 2141 323 2202 et
344 2138 463 2202 incerto
486 2155 644 2202 morarum
667 2137 801 2202 Romam
824 2138 890 2221 pati
915 2137 1086 2202 indicastis.
1121 2137 1173 2202 det
1195 2138 1285 2202 nobis
1309 2139 1363 2203 do·

165 2266 191 2305 15
219 2243 325 2307 minus
352 2261 371 2307 a
398 2242 523 2307 domino
550 2241 711 2307 laetificari
738 2260 832 2324 quam
856 2242 994 2324 primum
1017 2242 1055 2305 de
1083 2246 1154 2307 actu
1180 2247 1295 2324 uestro,
1327 2246 1364 2307 ut

218 2348 300 2412 siout
322 2347 421 2412 anxiis
445 2348 652 2428 conpatimur,
680 2347 725 2410 ita
748 2347 1000 2429 congaudeamus
1021 2346 1163 2411 hilaratis
1184 2350 1216 2411 et
1235 2347 1362 2430 incipia-

219 2471 290 2517 mus
317 2454 423 2516 tamen
450 2469 575 2534 sperare
602 2452 741 2515 fructum
768 2451 963 2534 praesentiae
991 2453 1125 2532 uestme,
1156 2451 1184 2515 si
1206 2469 1262 2515 nos
1285 2452 1361 2516 certi

219 2576 287 2622 esse
308 2558 346 2620 de
368 2559 474 2621 uestra
494 2557 649 2621 sententia
668 2556 719 2619 uel
739 2555 857 2619 domini
877 2556 958 2619 circa
977 2573 1034 2619 uos
1052 2555 1166 2637 placito
1186 2555 1360 2638 coeperitis.

262 2658 292 2725 2.
316 2659 406 2742 Sane,
430 2659 511 2742 quod
533 2659 701 2724 admonere
725 2659 862 2744 dignaris
886 2658 999 2723 affectu
1021 2658 1085 2739 illo,
1117 2677 1177 2740 quo
1200 2677 1257 2723 nos
1281 2659 1362 2724 siout

165 2789 192 2828 ao
218 2770 251 2831 te
282 2765 395 2850 diligis,
426 2768 462 2828 ut
491 2765 632 2828 studium
661 2764 693 2828 in
722 2762 856 2829 Graecas
886 2763 1007 2828 litteras
1038 2763 1194 2827 adtentius
1226 2781 1360 2844 sumam,

218 2870 354 2936 libenter
384 2869 513 2952 accipi03
551 2868 605 2932 sed
636 2867 755 2952 inplere
782 2886 845 2932 non
875 2868 974 2948 ualeo,
1005 2867 1066 2931 nisi
1092 2867 1172 2931 forte
1203 2867 1361 2932 desideriis

219 2974 298 3039 meis
322 2973 440 3038 adnuat
461 2973 616 3053 dominae,
647 2976 683 3037 ut
705 2971 821 3036 diutius
849 2972 1003 3037 consortio
1025 2975 1079 3037 tuo
1100 2972 1252 3054 perfruar.
1287 2991 1361 3036 nam

219 3078 374 3161 quomodo
396 3077 573 3160 profectum
601 3094 710 3160 capere
737 3079 845 3158 potero
873 3075 1024 3140 sermonis
1050 3077 1159 3159 ignoti,
1191 3076 1217 3141 si
1240 3076 1362 3141 desita

219 3198 281 3265 quo
311 3182 454 3266 ignorata
483 3180 683 3245 condiscam?
721 3179 812 3244 oredo
843 3180 928 3244 enim
961 3180 993 3244 in
1024 3179 1227 3245 translatione
1260 3179 1361 3245 sancti

165 3312 193 3354 rs
220 3284 394 3352 Clementis
416 3288 539 3369 praeter
568 3285 643 3349 alias
669 3284 787 3367 ingenii
810 3285 873 3348 mei
896 3284 1085 3348 deiectiones
1107 3284 1187 3348 hanc
1210 3289 1241 3349 te
1263 3285 1362 3368 potis·

219 3391 336 3455 simum
363 3389 537 3473 imperitiae
566 3406 654 3452 meae
677 3389 860 3472 paenuriam
887 3388 1111 3470 considerasse,
1143 3390 1225 3471 quod
1248 3389 1360 3470 aliqua,

219 3496 252 3559 in
282 3493 395 3577 quibus
424 3493 607 3577 intellegere
638 3493 689 3558 uel
719 3493 889 3577 exprimere
919 3493 1018 3557 uerba
1047 3511 1108 3557 non
1138 3493 1236 3577 potui,
1266 3511 1361 3556 sensu

264 3683 454 3741 lresoritaO
520 3682 619 3753 peterit
637 3682 754 3752 (etam.)
776 3688 800 3735 Y
851 3680 963 3738 sextat*
1013 3683 1081 3737 211
1098 3682 1154 3751 ΟΥ,
1172 3681 1260 3742 uela(
1271 3682 1359 3737 Roaw.

218 3771 334 3828 Shriius
351 3771 436 3839 (modi
453 3771 515 3840 om.)
531 3771 581 3826 ΟΥ
631 3769 815 3824 testimonium
838 3775 862 3821 Y
912 3770 999 3830 imot
1052 3769 1114 3839 epid
1128 3769 1184 3839 epil
1202 3769 1243 3822 tm
1258 3768 1360 3838 paulini

218 3858 252 3913 ad
271 3856 328 3914 ma
346 3861 399 3928 aug
421 3858 450 3926 0,
469 3857 577 3928 explicit
599 3864 626 3911 Y.

263 3945 362 4007 Kta—
382 3945 590 4014 91111Ε,11ξ
658 3943 792 4002 breuisE
858 3942 1094 4002 unianimitateE
1163 3946 1194 3999 10
1216 3942 1360 3997 fluuiorum

216 4033 306 4089 Rosia
379 4036 410 4089 11
426 4035 533 4103 patna
549 4050 601 4089 om.
620 4032 757 4101 additus.
832 4031 1002 4090 adtamenE
1070 4034 1102 4087 13
1121 4031 1291 4085 etiamnunc
1311 4031 1360 4100 Ξξ,

218 4120 367 4174 etiamnum
385 4135 456 4173 nuno
474 4120 560 4175 Rosw.
615 4118 824 4180 solicitudinis&
878 4120 911 4173 14
929 4118 985 4186 pati
1003 4121 1025 4186 ξ,
1044 4118 1099 4187 peti
1118 4118 1236 4175 ERorw.
1290 4116 1360 4171 iudi-

219 4206 299 4261 castis
318 4207 405 4263 Rosw.
473 4209 505 4261 15
524 4208 614 4259 nostro
632 4207 720 4261 Rosw.
788 4209 819 4261 16
837 4205 967 4259 hilaritati
985 4206 1073 4260 Rosia
1141 4207 1172 4260 19
1191 4204 1361 4268 admoneri&

218 4296 251 4349 21
272 4292 403 4348 desideria
421 4309 481 4346 mea
498 4292 609 4347 adiuuat
625 4292 715 4349 Roaw.

1153 4380 1203 4430 aa*
