3036 4770
374 343 521 414 epistula
538 342 674 409 XXXVII,
688 361 709 400 c.
723 347 804 409 o-7;
822 344 972 408 XXXVIII,
991 361 1013 399 c.
1029 349 1051 401 1.
1223 327 1287 393 323

143 519 281 583 multos
305 523 427 584 autem
450 520 696 602 locupletans.
721 539 794 584 nam
810 521 887 585 haec
906 521 974 604 ipsa
989 521 1153 603 temptatio
1170 521 1285 585 sancti-

142 623 219 687 tatis
242 627 315 688 tuae
343 625 450 689 multis
478 626 509 688 in
532 625 706 707 profectum
735 625 888 708 euangelii
915 624 1012 704 uenit,
1043 625 1115 707 quia
1139 643 1230 689 nemo
1253 625 1286 687 in

143 726 175 791 in
191 732 223 791 te
238 727 387 792 confusus
410 732 467 808 cst,
491 728 634 793 elucente
657 728 758 812 gratia
775 727 892 794 Christi
916 732 947 793 et
969 729 1100 792 ueritate
1122 727 1192 791 ndei
1213 732 1286 792 tuae

144 848 205 895 non
234 831 336 895 solum
362 833 395 895 in
422 832 589 896 directione
618 833 775 897 doctrinae
803 836 875 897 tuae
903 832 958 896 sed
985 832 1080 896 etiam
1109 832 1141 896 in
1169 832 1285 895 uirtute

99 962 113 1000 ⁵
142 936 399 1016 conuersationis
430 954 510 1018 quae
541 937 573 1001 in
603 937 698 1001 caelis
732 942 790 1001 est.
837 955 906 1001 non
941 940 998 1001 est
1031 937 1142 1016 enim,
1174 936 1284 1018 inquit,

140 1057 296 1122 regnum
320 1039 377 1103 dei
404 1039 441 1103 in
468 1059 636 1105 sermone
660 1041 781 1104 sedin
805 1041 957 1105 uirtute.
996 1040 1069 1123 quid
1094 1058 1166 1124 ergo
1189 1058 1284 1122 quae-

140 1144 231 1223 ritur,
262 1161 332 1206 curn
361 1144 393 1207 in
420 1148 450 1208 te
478 1144 518 1224 id,
550 1145 631 1226 quod
660 1149 692 1208 et
719 1145 814 1208 uerbo
840 1148 987 1229 praestat,
1019 1146 1178 1209 emineat?
1216 1145 1284 1227 quis

141 1248 227 1310 enim
249 1247 372 1312 dubitet
394 1248 427 1311 in
450 1248 515 1312 eius
539 1249 651 1330 spiritu
673 1247 767 1312 fidem
795 1249 935 1312 ueritatis
959 1247 1111 1329 habitare,
1141 1250 1173 1313 in
1196 1250 1283 1313 cuius

140 1351 207 1414 uita
229 1351 314 1415 uidet
336 1349 408 1416 fidei
432 1355 535 1417 entare
558 1353 732 1417 uirtutem?

83 1623 112 1660 ,0
622 1578 800 1642 xxxviii.

168 1714 290 1781 Snncrc
313 1739 353 1779 er
375 1739 492 1780 uncino
519 1739 706 1780 vnnnnnernr
728 1739 768 1779 nc
792 1738 1006 1780 nrnecmeenrc
1029 1740 1142 1781 rnnrar
1165 1718 1256 1782 Arno

629 1822 796 1885 annmvs.

187 1974 213 2040 1.
242 1975 393 2041 Laetatns
425 1995 495 2040 sum
525 1978 557 2041 in
584 1978 633 2041 his
662 1995 740 2059 quae
768 1977 919 2061 scripsisti
947 1977 1023 2041 milri
1052 1983 1084 2042 et
1110 1978 1281 2043 secuudum

140 2078 235 2144 fidem
265 2084 364 2162 tuam,
395 2099 489 2162 quam
520 2081 612 2145 corde
641 2086 824 2163 conceptam
855 2098 907 2145 ore
937 2085 1069 2146 testatus
1101 2101 1143 2146 es.
1175 2083 1202 2146 si
1232 2102 1283 2147 me

79 2209 111 2250 ιε»
141 2185 241 2268 gratia
268 2184 385 2248 domini
411 2185 596 2269 participem
624 2187 704 2250 tanti
734 2186 861 2269 spiritus
892 2186 997 2266 faciat,
1028 2204 1117 2268 spero
1147 2187 1220 2267 quia
1250 2186 1283 2250 in

142 2287 232 2352 domo
260 2288 376 2353 domini
405 2288 531 2370 ibimus,
563 2293 594 2354 et
621 2308 701 2372 quae
731 2290 890 2354 communi
921 2308 976 2373 spe
1002 2289 1123 2372 fideque
1146 2291 1283 2374 percepi-

142 2409 211 2456 mus
240 2393 359 2474 pariter
391 2393 550 2457 Intuentes
581 2394 613 2457 in
643 2394 721 2458 facie
751 2394 894 2459 ueritatis
928 2412 1064 2460 consona
1093 2395 1283 2460 exultatione

141 2495 337 2561 cantabimus
361 2496 524 2579 hymnum,
551 2497 608 2562 dec
632 2502 736 2562 nostro
767 2498 879 2562 dicturi
907 2497 1046 2563 dominc:
1077 2498 1281 2563 credebamus

141 2600 215 2681 quia
236 2599 314 2664 cinis
338 2604 371 2665 et
394 2605 477 2665 terra
499 2620 650 2682 essemus,
682 2602 708 2665 si
732 2603 763 2666 in
787 2603 845 2667 hcc
867 2606 1008 2686 tempore
1030 2603 1074 2667 ita
1096 2603 1283 2668 confirmen-

74 2731 110 2773 ιο
140 2707 192 2767 tur
218 2704 312 2787 pedes
343 2705 441 2770 nostri
472 2705 505 2769 in
532 2706 619 2770 atriis
642 2705 851 2786 Hierusalem,
884 2711 919 2771 ut
945 2709 1028 2771 terra
1054 2710 1085 2770 et
1112 2707 1189 2771 cinis
1212 2726 1281 2772 esse

244 2911 273 2980 2]
285 2910 366 2979 (Phil.
379 2915 401 2976 1,
414 2914 463 2981 12).
517 2912 546 2981 4]
559 2912 640 2981 (Phil.
651 2913 738 2981 aad).
786 2913 815 2982 5]
834 2912 1008 2976 Icor.r‚20.
1058 2913 1101 2982 13]
1115 2913 1280 2983 (Ps.121‚1).

140 2997 187 3066 19]
205 2996 281 3064 (Gen.
295 3000 320 3062 3,
334 3000 379 3062 19;
397 2998 478 3054 Eccli.
493 3003 533 3063 10,
548 3000 582 3066 9).
636 2999 683 3068 20]
702 2999 756 3068 (Ps.
773 3001 830 3064 121,
844 3001 879 3068 2).
933 2999 1009 3067 (Gen.
1024 3001 1065 3065 18,
1078 3001 1130 3069 27).

182 3196 384 3253 3ocnflsusL¹
436 3200 527 3253 ltuee
540 3198 676 3253 doctrinae
694 3200 721 3255 U
769 3202 910 3267 bregdum
924 3197 1068 3267 delinquit
1084 3200 1112 3256 U
1161 3201 1236 3255 deit.
1250 3200 1277 3255 in

137 3302 190 3342 om.
204 3283 235 3338 F
283 3285 533 3353 queriturFLMP
584 3287 702 3354 'lpestat
713 3286 749 3353 L,
762 3287 865 3353 perstat
877 3287 934 3342 cod.
953 3286 1046 3341 Vicere.
1101 3285 1240 3341 aduniat
1256 3289 1284 3343 U

137 3374 155 3427 9
173 3370 318 3441 uirtutum]
337 3375 400 3441 opto
417 3376 449 3426 ut
466 3371 556 3426 ualeas
575 3373 638 3428 add.
652 3371 757 3429 FP'IJ.
829 3371 890 3426 finit
907 3373 995 3441 prima
1017 3374 1040 3429 0

182 3456 358 3516 FLMOPU.
379 3489 408 3496 —
429 3458 541 3528 epistola
559 3458 661 3528 paulini
680 3458 714 3512 ad
733 3476 828 3528 aprum
847 3458 995 3513 XXVIHI·
1015 3461 1050 3527 L,
1070 3459 1102 3514 ad
1117 3476 1211 3530 aprum
1224 3461 1278 3528 epi-

137 3561 248 3615 scopum
266 3543 410 3599 XXXVII·
431 3547 474 3614 Μ,
491 3545 586 3615 incipit
604 3545 637 3600 ad
655 3545 760 3615 Aprum
778 3546 838 3615 epm
858 3546 904 3600 ·1·
929 3547 959 3615 0,
982 3546 1094 3616 epistola
1111 3548 1196 3601 sancti
1213 3564 1278 3616 pau·

137 3630 186 3685 lini
205 3631 320 3701 episcopi
343 3631 377 3685 ad
400 3648 494 3701 aprum
517 3632 668 3702 episcopum
691 3631 737 3686 ubi
761 3631 793 3686 de
816 3632 946 3701 patientia
964 3632 991 3686 in
1014 3632 1132 3687 aduersis
1156 3632 1278 3688 habenda

137 3720 167 3770 et
184 3720 311 3772 contentu
334 3718 427 3772 mundi
450 3735 570 3773 sermone
593 3718 753 3787 elegantiore
772 3722 799 3772 et
816 3718 935 3773 caribdis
958 3718 1067 3772 flamma
1088 3720 1174 3787 igniac
1192 3720 1278 3774 multa

137 3803 306 3874 proloquitur
332 3807 359 3862 U
435 3808 464 3862 11
489 3805 622 3875 Meropius
645 3805 774 3859 Paulinus
802 3807 863 3875 epla
889 3804 1012 3858 XXIIII·
1033 3806 1064 3859 F
1143 3808 1175 3861 13
1202 3806 1234 3860 iis
1261 3825 1277 3862 n

138 3894 174 3947 14
191 3891 220 3945 in
238 3890 316 3945 cerdo
334 3892 419 3950 FPU
471 3895 504 3949 16
523 3892 632 3947 domum
651 3894 732 3949 LMc
784 3893 813 3947 in
831 3893 938 3946 comuni
957 3893 1015 3948 FU
1065 3892 1161 3947 lideO
1217 3909 1276 3962 per-

137 3978 251 4047 cipimus
269 3979 304 4046 F,
322 3979 482 4049 precipimus
501 3980 557 4036 PU
608 3982 640 4036 18
659 3980 923 4035 cantanimusFPU
973 3977 1026 4033 diro
1046 3979 1083 4032 de
1093 3981 1130 4034 Μ
1179 3979 1276 4034 dicturi

138 4064 246 4119 domiuo
264 4083 315 4122 om.
329 4066 366 4121 M
417 4070 448 4122 19
467 4067 542 4121 cinus
561 4066 603 4121 L¹
657 4066 680 4121 si
697 4069 730 4122 ire
747 4067 794 4120 sed
812 4084 879 4123 corr.
892 4067 927 4135 L,
947 4065 992 4119 sed
1011 4067 1048 4120 M
1097 4069 1156 4119 tum
1175 4066 1277 4121 scilicet

137 4176 237 4233 dicturi
255 4177 371 4241 domino,
390 4178 412 4232 si
432 4178 460 4232 in
477 4179 528 4233 hoe
546 4183 665 4248 tempore
687 4182 756 4235 coni.
776 4180 869 4236 Saccb.
941 4145 1134 4248 confirmentur
1155 4180 1190 4246 L,
1214 4194 1276 4234 con·

137 4281 282 4336 firmantur
301 4283 337 4337 Μ

1070 4371 1120 4421 al*
