3036 4770
161 290 224 354 236
489 307 514 361 S.
530 307 662 360 Paulini
680 306 799 360 Nolani
819 306 966 375 episcopi

160 486 214 567 qui
245 490 293 548 est
321 486 411 548 uiuus
439 488 470 548 et
496 503 589 547 uerus
616 485 716 566 pecie,
748 484 801 548 tali
832 488 1051 547 remuneratur
1077 483 1235 564 obsequio,
1266 487 1301 546 ut

160 590 279 672 corpori
303 594 355 653 tuo
379 589 410 651 id
434 594 480 652 est
504 595 645 652 terrenae
668 590 700 651 in
721 592 752 651 te
776 588 937 670 fragilitati
961 588 1078 651 seruiat
1100 586 1178 650 cibis
1201 588 1301 652 modi·

161 695 205 757 cis
240 695 370 775 etipse
405 693 590 757 ieiuniorum
627 699 750 758 tuorum
790 693 982 756 abundantia
1015 693 1184 775 saginetur.
1230 692 1300 756 ideo

160 800 241 861 enim
266 798 355 861 dixit:
388 817 458 861 non
486 798 520 861 in
550 798 627 860 solo
655 816 750 878 pane
777 797 874 860 uiuit
899 797 1020 875 homo,
1051 796 1113 859 eod
1141 797 1300 860 inomni

160 901 272 967 uerbo
301 903 371 981 dei,
402 903 475 984 quia
501 908 535 965 ut
562 902 741 965 infirmioris
769 901 963 964 substantiae
993 906 1117 964 nostrae
1147 901 1300 964 rationem
1341 930 1355 967 s

160 1006 284 1085 habuit,
322 1007 449 1089 perinde
489 1013 520 1070 et
557 1007 643 1069 carni
677 1024 790 1088 panem
828 1006 1039 1070 neceesarium
1076 1005 1142 1087 ipso
1178 1007 1300 1070 creator

160 1111 304 1174 ostendit.

203 1214 232 1278 3.
257 1215 315 1280 Sed
340 1234 378 1278 ne
401 1216 536 1297 corporis
560 1232 666 1278 curam
696 1215 829 1294 animae,
854 1232 932 1296 quae
961 1214 1056 1278 uerbo
1079 1214 1128 1277 dei
1150 1215 1299 1298 pascitur,

159 1338 435 1402 praeponerenruS,
474 1338 534 1382 non
570 1319 600 1382 in
635 1320 700 1382 solo
734 1338 814 1400 panc
852 1320 951 1382 uitam
984 1319 1121 1382 hominis
1155 1322 1299 1382 constare

160 1425 347 1488 monstrauit
370 1428 462 1506 atque
486 1425 564 1503 ideo,
591 1442 663 1486 cum
687 1424 777 1487 dixit:
809 1441 877 1488 non
907 1424 941 1486 ia
966 1424 1043 1486 solo
1067 1442 1174 1505 pane,
1202 1423 1299 1487 etiam
1327 1451 1354 1489 10

159 1529 293 1610 inpane
317 1529 435 1591 uictum
455 1529 589 1591 bominis
613 1529 817 1591 constitutum
839 1528 951 1606 docuit,
975 1546 1069 1607 quem
1092 1528 1151 1590 etsi
1175 1527 1299 1591 animae

159 1651 233 1695 cura
256 1651 315 1696 uon
340 1636 480 1713 quaerat,
503 1637 610 1696 tamen
633 1633 769 1714 corporis
794 1637 904 1695 natura
927 1631 1073 1713 deposcit.
1112 1632 1181 1695 ideo
1203 1631 1300 1695 bene·

160 1737 260 1800 dictus
288 1737 351 1815 ille,
383 1737 431 1799 cui
458 1736 497 1799 ad
525 1755 598 1817 opes
627 1737 749 1800 animae
773 1736 894 1818 proficit
921 1738 1091 1799 necessitas
1115 1736 1299 1801 conditionis

159 1845 241 1920 tuae,
265 1841 337 1922 quia
360 1841 460 1903 adhuc
483 1841 575 1904 homo
599 1844 631 1903 ot
653 1842 712 1904 isto
737 1841 849 1904 uisibili
874 1859 954 1924 pane
973 1841 1148 1923 pascendus
1172 1859 1215 1920 ee,
1240 1841 1300 1904 etsi

157 1946 287 2009 interius
312 1949 436 2008 aeterno
460 1946 512 2009 illo
536 1963 615 2028 pane
640 1946 799 2009 satureris.
831 1964 893 2010 non
917 1946 1000 2008 enim
1022 1943 1186 2026 proficeret
1208 1946 1300 2028 spiri·
1328 1971 1354 2010 15

158 2050 230 2113 talis
254 2050 365 2129 uirtus,
389 2050 447 2113 nisi
473 2050 617 2114 subesset
640 2051 772 2114 carnalis
796 2050 969 2114 infirmitas.
1002 2069 1059 2113 nec
1082 2055 1166 2113 esset
1188 2054 1299 2132 potens

157 2153 296 2218 fidelium
321 2155 519 2235 ministratio,
551 2156 610 2219 nisi
639 2157 803 2219 materiam
827 2155 1023 2219 ministrandi
1046 2155 1229 2236 plerumque
1252 2154 1300 2217 in-

158 2260 229 2341 opia
247 2259 387 2322 fraterna
405 2259 578 2340 praeberet.
604 2260 685 2323 unde
709 2265 741 2323 et
764 2260 922 2342 apostolus
946 2261 990 2323 ait
1012 2260 1044 2322 in
1067 2263 1191 2323 sanctos
1214 2277 1300 2322 com·

156 2365 372 2446 pausationem
407 2366 559 2444 futuram,
595 2383 667 2428 cum
702 2365 864 2427 ecclesiam
899 2364 949 2427 dei
982 2363 1021 2427 ad
1055 2363 1298 2427 consolationem

157 2468 249 2531 istius
284 2467 508 2531 benedictionis
543 2469 684 2533 hortatur
720 2472 751 2531 et
782 2469 870 2532 dicit:
905 2468 1139 2532 abundantia
1172 2472 1300 2532 uestra
1326 2493 1353 2532 ao

158 2572 207 2635 sit
235 2571 277 2635 ad
300 2572 449 2636 iliorum
475 2573 654 2655 inopiam,
685 2576 725 2637 ut
754 2577 790 2636 et
811 2573 961 2638 illorum
989 2572 1220 2637 abundantia
1247 2572 1299 2636 iu-

158 2677 264 2757 opiae
287 2680 437 2740 uestrae
461 2677 763 2759 supplementum
786 2678 864 2741 fiat.

148 2929 149 2933 Ἰ
266 2857 291 2924 1]
320 2856 506 2925 (10111141).
578 2859 607 2927 1]
630 2858 726 2912 biatth.
746 2862 770 2917 4.
789 2862 817 2919 4;
844 2858 907 2913 Luc.
925 2862 995 2925 4,4;
1018 2859 1096 2913 Deut.
1114 2861 1139 2923 8,
1157 2862 1180 2914 3.
1250 2860 1297 2928 20]

160 2942 189 2995 11
208 2942 305 3009 Cor.8‚
321 2947 360 3000 li.

203 3086 215 3137 1
237 3091 277 3136 est
296 3083 373 3135 uiuus
393 3088 418 3135 et
431 3101 510 3137 uerus
529 3084 604 3152 panis
618 3086 707 3151 Laio,
727 3102 806 3138 uerus
825 3088 852 3137 et
870 3085 948 3137 uiuus
966 3085 1042 3153 panis
1056 3090 1096 3138 est
1109 3093 1154 3140 cet.
1209 3102 1297 3140 remu-

158 3172 268 3223 neratb
346 3173 528 3239 2corporeb
607 3172 634 3224 iu
654 3172 691 3240 te]
716 3172 771 3225 uite
790 3174 814 3238 b,
838 3171 909 3224 uitae
927 3173 968 3226 ba
1041 3172 1121 3240 411]
1142 3173 1212 3225 enirn
1231 3174 1299 3228 iud*

158 3273 225 3325 pane
249 3256 304 3309 solo
326 3275 368 3327 xp
438 3258 510 3311 omni
534 3277 585 3313 om.
604 3277 623 3312 11
693 3262 709 3312 5
732 3258 825 3327 uerbo]
849 3258 919 3327 quod
941 3258 1061 3327 procedit
1084 3259 1115 3312 de
1138 3276 1183 3312 ore
1200 3261 1298 3314 addb

157 3344 200 3413 ut]
219 3344 283 3399 ini:
335 3344 623 3414 ut-perindeom.M
672 3346 780 3399 urende
793 3348 897 3415 Lamp,
916 3347 1170 3401 nostraeratiorreic
1222 3347 1299 3400 6111-

157 3431 218 3485 buit
235 3432 291 3498 Lo,
311 3433 409 3486 esurire
427 3432 523 3487 habuit
541 3434 634 3502 barry,
654 3449 686 3485 ne
705 3434 817 3487 esuriret
834 3432 929 3486 babuit
951 3433 1005 3488 Coi.
1063 3432 1173 3501 proinde
1192 3434 1299 3503 bkrcay

158 3518 244 3571 carnis
263 3520 300 3573 Μ
361 3524 464 3572 creator
482 3520 537 3588 ipse
556 3522 580 3588 b,
599 3523 735 3574 creatort
799 3524 815 3575 8
833 3536 1053 3589 praeponeremus
1071 3536 1137 3587 quae
1156 3519 1236 3573 uerbo
1256 3521 1298 3574 dei

158 3606 275 3674 pascitur
293 3607 379 3676 temp
401 3606 455 3662 dot.
510 3609 526 3662 9
544 3623 612 3675 pane
631 3608 732 3660 uictum
751 3608 867 3660 hominis
887 3608 1062 3660 constitutum
1082 3607 1172 3660 docuit
1190 3609 1298 3671 (medias

158 3708 201 3744 are
224 3693 447 3748 monstrauit-l.
463 3699 494 3747 11
519 3710 568 3747 con
592 3696 709 3760 omisere)
731 3695 786 3750 Cot.
876 3698 1010 3747 constrare
1029 3695 1055 3747 L
1144 3696 1260 3748 101111
1279 3713 1299 3748 1

157 3781 295 3847 111112,
314 3780 378 3848 quin
397 3782 421 3848 b,
439 3780 467 3832 id
486 3781 502 3835 t·
573 3797 639 3848 pane
663 3780 743 3833 etiam
767 3781 795 3834 in
813 3781 893 3851 pane]
918 3796 985 3849 poue
1009 3781 1078 3833 uiuit
1099 3781 1180 3833 homo
1199 3782 1299 3834 nonin

159 3908 214 3962 soro
232 3911 334 3978 panea
389 3913 418 3965 11
439 3868 557 3964 osib‘iiiu
580 3912 617 3965 M
667 3911 729 3979 eei]
748 3910 865 3965 11111
916 3914 948 3967 11
970 3911 1024 3979 cur]
1048 3911 1148 3978 quoru
1202 3913 1234 3965 rr
1253 3914 1298 3963 tue

158 3998 181 4061 b,
201 4013 262 4049 suae
282 3997 321 4064 (11
339 4000 383 4050 tue
401 3999 495 4065 111)
514 3999 554 4054 ba
607 3997 646 4066 et]
665 3998 693 4050 in
711 4016 730 4051 a
785 4002 816 4053 16
836 3998 956 4052 carnisb
1012 4000 1042 4053 17
1063 3998 1200 4051 materiam
1219 3997 1298 4050 mini-

159 4083 629 4150 1111111111,1111111111111111111111
673 4083 790 4137 fraterna
809 4085 899 4154 inopia
914 4085 968 4140 coa
1021 4087 1052 4141 18
1070 4085 1179 4152 agitbx
1222 4100 1298 4137 sano

159 4170 193 4222 tis
212 4171 249 4223 M
307 4173 339 4225 lo
358 4171 431 4240 eum]
451 4172 549 4239 quinb
612 4173 920 4227 meretricata
982 4173 1084 4241 inopiae
1107 4176 1210 4225 uestrae
1228 4172 1298 4239 LM,

157 4263 261 4310 uestrae
280 4257 382 4325 inopiae
401 4265 446 4315 cet.
521 4261 555 4314 22
574 4259 610 4312 sit
628 4258 843 4327 supplementum
862 4261 877 4315 b
