3036 4770
580 331 726 401 epistula
743 330 850 395 XXXX,
870 346 891 385 c.
904 333 981 386 8-9.
1287 312 1348 377 351

213 511 364 592 nequitiae
393 509 541 592 spiritalis
572 507 744 590 aucupibus
775 506 888 570 armati
914 505 976 569 fide
1006 509 1038 570 st
1066 506 1242 569 inluminati
1270 507 1351 570 ueri-

212 618 272 679 tate
300 614 455 678 dicamus:
486 615 523 676 in
551 612 698 676 domino
726 610 887 690 confido,
919 610 1098 691 quomodo
1121 610 1247 673 dicitis
1275 610 1351 673 ani-

212 736 286 782 mae
310 735 426 782 meae:
450 717 678 799 transmigra
700 716 737 779 in
759 719 921 780 montem
942 714 1040 778 sicut
1059 717 1210 798 passer?
1235 713 1350 777 disee-

212 823 283 886 dite
311 840 328 886 a
357 840 412 886 me
438 821 649 903 omnesqui
676 818 879 903 operamini
902 818 1148 900 iniquitatem.
1187 821 1351 901 propterea

178 954 189 993 5
212 944 333 991 oremus
348 926 520 1005 dominum,
541 925 603 1007 qui
623 925 826 988 inluminat
841 940 984 987 ornnem
999 923 1185 987 hominem
1201 924 1350 988 uenien-

212 1034 282 1094 tem
313 1031 349 1095 iu
376 1031 473 1094 hunc
503 1029 689 1093 mundum.
728 1046 870 1093 omnem
901 1027 1086 1091 hominem
1117 1026 1236 1091 dietum
1263 1030 1348 1110 puto,

211 1136 281 1216 qnia
308 1152 400 1199 nemo
423 1135 515 1199 homo
543 1133 604 1197 nisi
631 1150 804 1216 agnoscens
828 1133 920 1195 deum
946 1135 977 1195 et
998 1131 1053 1212 qui
1074 1132 1177 1214 potius
1200 1132 1350 1196 meruerit

211 1240 335 1322 agnosci
352 1239 451 1303 adeo.
477 1256 570 1320 quem
587 1256 648 1301 non
666 1239 871 1320 agnoscentes
891 1235 1085 1318 conparati
1104 1238 1191 1298 suut
1209 1235 1349 1299 inmen-

211 1345 256 1407 tis
280 1343 481 1407 absimiles
504 1343 597 1406 faeti
620 1345 708 1405 snut
730 1341 818 1405 illis.
843 1359 899 1404 uos
922 1358 995 1423 ergo
1015 1357 1130 1423 magna
1146 1342 1211 1403 eius
1228 1340 1350 1403 miseri-

167 1474 187 1511 ro
210 1447 313 1511 cordia
339 1466 374 1511 en
402 1446 494 1530 inpiis
522 1445 681 1510 iustificati
703 1465 759 1528 per
781 1444 874 1508 fidem
902 1449 933 1509 et
958 1461 1021 1508 non
1044 1463 1080 1507 en
1102 1442 1247 1527 operibus
1269 1462 1349 1526 per·

210 1569 399 1615 curramus
432 1551 469 1614 in
504 1551 652 1615 odorem
686 1554 960 1633 unguentorum
994 1549 1088 1628 eius,
1126 1553 1161 1612 ut
1196 1567 1231 1612 en
1264 1548 1348 1612 illius

208 1656 333 1719 nomine
363 1656 489 1721 odorem
520 1656 603 1718 uitae
635 1655 795 1718 trahamus
826 1659 858 1718 et
888 1653 1060 1717 efficiamur
1090 1653 1177 1718 odor
1207 1651 1349 1716 Christi

208 1760 325 1824 bonus
353 1761 434 1839 deo,
464 1760 627 1843 potionati,
657 1763 693 1823 ut
718 1759 950 1841 scriptumest,
982 1758 1095 1823 auino
1118 1761 1347 1841 unguentorum

209 1865 245 1927 de
268 1865 361 1928 calice
384 1864 541 1944 salutaris,
564 1865 597 1927 in
617 1882 677 1946 qno
695 1864 762 1946 ipsc
781 1867 817 1926 ut
836 1863 1072 1945 pigmentarius,
1096 1867 1130 1926 ut
1150 1864 1181 1926 in
1205 1862 1348 1925 ecclesia·

165 1993 185 2030 n
210 1969 283 2032 stico
315 1969 469 2048 scribitur,
501 1972 662 2051 unguenta
692 1968 884 2031 suauitatem
914 1966 1036 2046 miscet,
1067 1967 1236 2031 diuidens
1267 1966 1349 2031 dona

210 2090 266 2136 sua
293 2073 455 2156 singulis
482 2077 592 2154 prout
617 2072 713 2150 uult,
744 2091 764 2134 u
807 2073 912 2136 omnia
938 2071 971 2135 in
998 2070 1143 2135 omnibus
1169 2071 1348 2154 inpleantur

210 2180 239 2240 et
257 2176 382 2241 odorem
402 2177 531 2241 notitiae
551 2194 625 2240 snae
646 2176 828 2239 manifestet
846 2176 877 2239 in
898 2173 999 2255 nobie,
1023 2175 1095 2256 quia
1117 2179 1347 2258 unguentum

209 2282 439 2345 exinanitum
473 2285 531 2345 est
563 2298 695 2344 nomon
730 2280 817 2344 eius.
864 2280 946 2362 quod
975 2283 1012 2343 ut
1041 2297 1156 2344 nomen
1184 2280 1347 2344 inuocetur

209 2404 300 2468 supcr
330 2405 387 2450 nos
419 2405 542 2467 semper
572 2391 604 2450 et
631 2386 664 2449 in
690 2385 780 2450 uobis
807 2386 997 2465 nominetur,
1027 2384 1082 2448 fiat
1113 2386 1348 2450 conuersatio

161 2515 183 2554 a
209 2497 335 2555 nostra
357 2491 394 2554 in
417 2490 544 2554 caelis.
579 2491 624 2554 ita
647 2490 729 2553 enim
754 2489 925 2553 efficiemur
948 2489 1046 2552 sicut
1066 2506 1197 2570 passer
1219 2489 1348 2553 unicus

208 2613 316 2677 super
340 2598 496 2674 tectum,
520 2594 547 2657 si
571 2612 631 2658 non
653 2611 731 2674 quae
751 2594 784 2657 in
805 2597 889 2657 terra
909 2598 983 2657 sunt
1003 2593 1161 2676 sapiamus
1182 2597 1235 2657 aut
1254 2611 1349 2676 qnae-

207 2716 323 2778 ramus,
349 2699 412 2762 sod
435 2716 528 2780 quae
552 2716 699 2761 sursum
724 2700 825 2777 sunt,
853 2695 915 2760 ubi
939 2696 1111 2761 Christus
1136 2702 1193 2761 est
1215 2698 1348 2761 sedens

208 2802 250 2864 ad
273 2803 464 2866 dexteram
485 2802 595 2885 patris,
619 2800 900 2866 innumerabilibus
916 2801 1012 2864 oculis
1029 2801 1204 2883 speculator
1220 2807 1348 2865 actuum

208 2911 383 2972 nostrorum
414 2910 446 2970 et
476 2911 633 2990 spectator
662 2908 769 2991 agonis
800 2907 902 2986 istius,
933 2924 993 2987 quo
1022 2906 1059 2970 in
1089 2923 1198 2970 carne
1225 2905 1350 2970 ambu-

160 3034 181 3073 e
207 3010 330 3075 lantes
354 3029 424 3076 non
448 3012 654 3075 secundum
676 3029 825 3074 carnem
847 3010 1064 3074 militamus.

308 3176 336 3245 2]
356 3176 399 3229 Ps.
415 3178 454 3238 lo,
468 3179 492 3231 2.
555 3175 584 3244 3]
602 3176 646 3229 Ps.
660 3179 684 3238 6,
697 3180 721 3229 9.
788 3174 816 3244 5]
835 3174 892 3228 Ioh.
909 3178 932 3238 1,
945 3177 969 3229 9.
1036 3175 1064 3243 8]
1084 3174 1183 3238 Pasa,
1198 3176 1237 3230 13.
1303 3175 1347 3244 10]

207 3261 282 3316 Cant.
298 3267 321 3326 1,
334 3265 358 3317 3.
423 3262 465 3331 12]
485 3262 513 3316 11
532 3262 630 3326 Cor.2,
645 3266 685 3318 15.
758 3262 802 3331 13]
822 3260 1013 3330 (Ρε.115,13).
1088 3261 1132 3330 14]
1151 3260 1298 3328 (25511411,
1314 3262 1347 3330 1).

208 3350 252 3418 15]
271 3349 285 3402 Ι
304 3349 363 3404 Cor.
379 3352 472 3417 12,11.
546 3350 590 3418 17]
610 3347 686 3403 Cant.
701 3353 723 3410 1,
736 3351 761 3403 2.
835 3347 879 3416 18]
898 3347 962 3415 (Iao.
975 3350 999 3412 2,
1013 3348 1047 3417 7).
1121 3347 1164 3417 19]
1183 3347 1253 3402 Phil.
1267 3350 1291 3412 3,
1304 3351 1346 3404 20.

207 3435 252 3504 20]
272 3436 315 3491 Ps.
331 3440 388 3500 101,
401 3439 424 3492 8.
496 3436 542 3505 22]
562 3434 617 3490 Col.
631 3439 655 3500 3,
668 3437 692 3489 2.
765 3435 810 3503 24]
828 3434 858 3488 ΙΙ
871 3433 930 3489 Cor.
946 3438 985 3498 10,
999 3437 1023 3489 3.

250 3583 397 3652 lapiritali
420 3585 446 3639 U
496 3583 605 3637 aucibus
622 3582 676 3649 εχι
728 3582 868 3637 auam.
882 3585 901 3636 t.
915 3582 931 3635 i.
946 3597 1015 3636 ms.
1029 3583 1163 3650 panaetio
1179 3582 1351 3651 maccam

206 3673 385 3739 ingnoscens
405 3665 491 3735 ursio
548 3670 586 3739 et]
605 3670 649 3723 uel
667 3671 769 3737 13er
827 3669 926 3722 meruit
943 3669 974 3723 F
1027 3668 1201 3737 8iumeutis]
1219 3667 1345 3736 insipien·

206 3757 277 3812 tibus
296 3758 462 3812 odd.Rocro.
535 3760 567 3812 10
590 3761 617 3810 et
634 3775 684 3812 om.
698 3757 783 3812 FPU
850 3772 989 3810 curramus
1008 3757 1045 3810 Μ
1113 3758 1141 3811 11
1166 3759 1345 3823 ungentorum

204 3845 285 3913 ΜΡχ
303 3860 406 3913 sempor
481 3845 513 3899 13
531 3844 594 3896 uiuo
617 3846 643 3899 U
708 3846 739 3898 14
762 3842 970 3912 pimentariusr
1041 3847 1073 3899 15
1098 3859 1145 3895 sua
1164 3842 1292 3896 uitacinnu
1310 3842 1346 3909 F,

206 3932 381 3985 suauitatium
399 3931 457 3986 PU
459 3950 473 3985 r
528 3933 559 3985 16
578 3929 741 3999 impleantur
758 3936 776 3994 β
793 3933 824 3984 ia
837 3937 919 3996 textu,
938 3931 985 3985 aed
998 3930 1140 3999 impleatur
1159 3931 1190 3983 in
1208 3946 1259 3998 erg.
1273 3947 1306 3983 m.
1320 3934 1345 3997 1,

207 4019 278 4087 qood
301 4020 394 4074 Soccb.
414 4019 512 4072 maluit
588 4020 620 4073 18
639 4018 803 4070 exinanitum
822 4036 873 4074 om.
891 4019 917 4073 U
984 4017 1008 4069 ei
1032 4017 1178 4084 FPUaap
1248 4031 1344 4068 nomen

206 4107 236 4157 ut
255 4107 291 4159 M
360 4107 391 4159 19
410 4121 514 4173 semper
532 4105 627 4160 onaF
693 4107 720 4158 et
742 4123 793 4160 om.
810 4107 848 4168 βλ
918 4105 951 4158 20
976 4106 1066 4156 uestra
1087 4104 1125 4166 βλ
1194 4104 1228 4158 22
1251 4102 1345 4156 sedens

205 4210 255 4246 om.
268 4192 387 4247 FMPU
454 4192 488 4245 23
507 4190 549 4243 dei
567 4191 652 4260 patris
669 4189 719 4255 1⁹²¹
784 4189 1007 4244 inenarrabilibus
1025 4191 1096 4246 coni.
1110 4191 1203 4245 Saecb.
1265 4191 1300 4245 24
1317 4193 1346 4243 et

204 4282 369 4348 exspectator
386 4279 424 4332 M
