3036 4770
167 311 230 376 368
499 329 525 382 S.
538 328 671 382 Paulini
690 328 811 382 Nolani
829 329 976 399 episcopi

165 503 258 585 ipsis
274 520 402 567 mensa
417 520 541 567 eorum
557 504 593 567 in
608 503 796 584 laqueum,
814 507 850 568 et
864 522 936 567 uua
951 523 1075 568 eorum
1091 506 1308 569 amaritudi-

165 608 221 671 nis
242 608 326 671 facta
346 612 407 688 eet,
431 611 463 672 et
482 608 537 672 ira
557 607 756 672 draconum
776 609 1002 673 insanabilis
1026 610 1153 674 uinum
1170 629 1306 674 eorum.

209 711 421 792 0100010,
452 713 496 777 mi
523 713 630 793 frater,
661 731 716 777 ora
743 713 913 794 dominum,
944 733 983 777 ne
1011 733 1047 778 ex
1075 715 1169 778 uinea
1195 715 1308 778 talium

163 816 237 881 uitis
267 821 375 882 nostra
400 817 557 899 procedat,
589 818 661 898 quia
690 834 826 900 propago
858 835 965 882 eorum
996 838 1033 882 ex
1063 819 1156 882 uinea
1186 818 1308 882 domini

165 920 302 986 Sabaoth
330 922 531 1004 degenerauit
559 923 591 984 in
620 923 744 985 uincam
767 921 980 986 Sodomorum.
1020 926 1051 987 et
1077 923 1137 986 nisi
1159 923 1307 987 dominus
1352 953 1364 991 a

162 1027 195 1090 in
219 1027 431 1108 apostolorum
450 1026 633 1108 palmitibus
654 1026 691 1089 de
710 1026 960 1109 patriarcharum
982 1026 1140 1091 radicibus
1163 1027 1309 1108 reliquis-

163 1135 212 1194 set
238 1131 327 1195 nobis
355 1131 558 1195 seminarium
585 1131 679 1210 uitae,
710 1130 748 1194 de
776 1149 836 1212 qno
865 1132 950 1195 salus
974 1132 1114 1216 gentium
1136 1131 1310 1214 pullularet

165 1237 250 1300 etin
273 1254 333 1317 qno
357 1235 486 1299 seminis
511 1234 665 1299 benedicti
688 1253 770 1298 uena
792 1235 927 1316 duraret,
957 1239 1023 1300 tota
1045 1236 1184 1301 malitiae
1206 1236 1309 1318 pleni-

163 1340 272 1404 tudine
292 1339 460 1405 Sodomis
484 1344 520 1403 et
539 1338 765 1404 Gomorrhae
789 1341 932 1404 similes
955 1341 1168 1405 fuissemus.
1193 1359 1307 1404 uerum

164 1446 237 1527 quia
257 1445 462 1508 nouissima
482 1444 571 1508 hora
591 1448 647 1507 est
667 1447 699 1508 et
719 1446 862 1508 securis
882 1445 954 1509 iam
974 1445 1017 1508 ad
1037 1446 1180 1509 radices
1202 1445 1308 1510 arbo·
1337 1474 1364 1512 ιο

163 1569 240 1613 rum
264 1549 389 1631 posita
419 1549 511 1613 aridis
537 1553 568 1612 et
594 1547 772 1613 infelicibus
800 1549 893 1632 lignis
921 1550 1041 1613 iustum
1063 1551 1202 1614 minatur
1225 1552 1308 1615 eroi-

163 1655 259 1734 dinm,
283 1671 398 1736 quaeso
422 1658 463 1734 te,
487 1658 523 1717 ut
544 1653 772 1737 indulgentiam
796 1654 871 1717 mihi
894 1657 926 1718 et
946 1654 1160 1719 laxamentum
1184 1660 1308 1740 tempo-

162 1758 204 1822 ris
229 1758 412 1841 depreceris
442 1762 478 1822 ut
501 1762 601 1823 morte
625 1759 722 1822 dilata
743 1760 872 1823 forsitan
898 1777 1007 1823 sucum
1031 1760 1201 1824 feracitatis
1224 1762 1308 1825 acci·

162 1863 247 1945 piam
275 1863 312 1927 de
343 1863 481 1927 caritatis
508 1867 581 1927 tuae
609 1863 771 1946 diligentia
798 1866 828 1927 et
855 1864 1072 1928 sollicitudinis
1095 1882 1184 1928 meae
1207 1866 1306 1945 cultu,

163 1972 198 2031 ut
224 1985 276 2032 cor
303 1986 408 2030 meum
432 1967 557 2031 diuinus
580 1968 674 2031 timor
697 1968 794 2032 fodiat
822 1972 853 2031 et
879 1968 1009 2050 stirpem
1032 1984 1136 2032 nream
1159 1987 1307 2033 necessa·
1334 1994 1359 2033 1⁵

162 2072 209 2136 ria
237 2072 405 2155 paenitudo
440 2075 575 2136 stercore
607 2072 792 2136 humilitatis
825 2072 1000 2156 inpinguet,
1034 2073 1144 2137 deinde
1176 2091 1234 2156 ago
1265 2074 1305 2137 ad

163 2176 358 2259 uigilantiam
382 2176 599 2241 sollicitudinis
623 2176 772 2240 excitatus
795 2178 880 2241 omni
902 2177 979 2240 hora
1000 2183 1128 2260 paratus
1152 2177 1305 2242 adsistam

163 2283 195 2343 et
221 2280 346 2345 domino
376 2280 506 2345 absente
534 2282 595 2345 sim
622 2281 770 2364 trepidus,
802 2286 837 2346 ut
864 2281 1048 2346 adueniente
1075 2300 1203 2345 securus
1232 2283 1304 2362 sim,

162 2385 246 2448 omni
269 2389 407 2467 tempore
430 2385 516 2449 omni
539 2385 588 2448 die
611 2405 662 2449 mo
684 2386 821 2449 fertilem
845 2385 904 2449 sibi
928 2384 1071 2450 Christus
1094 2386 1245 2465 inueniat,
1273 2386 1304 2449 id

162 2493 210 2554 est
240 2494 275 2553 ut
307 2506 480 2571 numquam
511 2490 656 2571 cuiquam
691 2491 776 2572 operi
807 2491 977 2554 uoluntatis
1010 2490 1095 2554 illius
1124 2491 1303 2567 inmaturus
1333 2515 1359 2553 ro

161 2611 339 2677 appaream,
371 2595 424 2658 sed
453 2594 479 2658 si
501 2594 580 2658 forte
607 2595 639 2658 in
667 2598 806 2676 tempore
834 2595 1011 2658 iracundiae
1038 2594 1262 2659 desiderauerit
1284 2613 1305 2658 a

161 2717 212 2762 me
231 2717 342 2781 paoem
362 2717 462 2779 suam,
482 2717 545 2762 non
565 2699 606 2762 sit
625 2718 714 2762 mens
735 2717 806 2763 mea
824 2718 881 2782 per
900 2700 1078 2764 iracundiae
1098 2699 1303 2763 acerbitatem

161 2803 256 2866 cruda
289 2803 477 2883 concordiae,
512 2822 570 2867 nec
604 2808 774 2885 expectem,
809 2808 844 2868 ut
874 2804 920 2867 sol
950 2804 1069 2868 occidat
1097 2822 1191 2885 super
1220 2803 1303 2867 iram

161 2925 275 2987 meam,
306 2926 345 2971 ne
376 2907 495 2971 occidat
525 2907 591 2971 uita
621 2925 702 2988 mea,
733 2909 760 2971 si
790 2911 863 2972 ante
893 2908 1040 2972 clauserit
1071 2926 1182 2990 uesper
1206 2906 1301 2988 diem,

160 3029 255 3092 quam
278 3011 442 3075 extinxerit
463 3030 522 3094 pax
545 3011 691 3076 furorem.
1330 3037 1356 3076 aa

265 3192 291 3260 1]
311 3192 499 3256 00013232.
570 3193 599 3263 4]
619 3193 672 3261 (Es.
686 3197 709 3257 5,
724 3194 758 3260 7).
829 3193 857 3262 9]
877 3193 953 3246 Rom.
967 3193 1112 3257 11111.
1128 3195 1188 3257 1,7.
1254 3193 1299 3262 10]

159 3277 248 3331 IIoh.
262 3281 285 3342 2,
300 3281 340 3433 113.
405 3279 469 3334 Luc.
483 3283 507 3344 3,
521 3283 545 3335 9.
613 3281 657 3350 15]
676 3279 750 3348 (Luc.
766 3283 805 3343 13,
818 3280 852 3348 8).
925 3279 967 3350 17]
987 3280 1060 3349 (Luc.
1075 3282 1115 3345 12,
1127 3281 1181 3349 40].
1253 3280 1300 3350 23]

159 3365 341 3435 (11011126.

204 3535 216 3588 1
241 3549 333 3586 mensa
355 3548 445 3585 eornm
470 3548 597 3586 conuersa
620 3536 661 3586 est
682 3533 737 3586 illis
755 3534 783 3586 in
803 3532 928 3601 laqueum
950 3534 988 3587 M
1053 3535 1069 3587 2
1092 3531 1164 3586 facta
1183 3532 1256 3586 iacta
1274 3534 1302 3587 P

159 3619 240 3673 31111
260 3621 297 3673 Μ
345 3617 493 3675 5111111101
511 3622 538 3675 Ρ
599 3620 788 3689 sogdomorum
810 3623 837 3677 U
896 3619 1064 3688 9sogdomis
1087 3621 1114 3677 U
1171 3636 1298 3692 gomurre

162 3705 191 3774 0,
210 3722 348 3774 gomorrae
366 3713 412 3761 cet.
468 3710 500 3762 10
518 3723 565 3760 ora
582 3707 637 3762 LO
690 3706 792 3760 arboris
810 3708 895 3762 FPU
954 3710 983 3762 11
1004 3707 1091 3775 posita
1109 3710 1149 3760 est
1167 3707 1198 3761 F
1247 3708 1298 3761 mi-

158 3795 286 3850 ratan
354 3795 385 3848 12
408 3793 577 3862 indulgentia
603 3796 631 3851 U
698 3796 730 3849 13
753 3799 784 3848 ut
811 3795 862 3862 Oc,
885 3794 913 3847 in
936 3800 982 3849 cet.
1054 3793 1176 3847 forsitam
1199 3793 1303 3851 FL¹U

158 3879 302 3934 feratitatis
321 3882 356 3948 L,
375 3879 549 3934 fecunditatis
568 3880 608 3935 P¹
681 3885 713 3936 ld
732 3881 817 3950 meae]
840 3882 868 3934 in
887 3897 916 3934 ea
934 3881 1020 3938 FPU
1088 3885 1119 3936 15
1144 3880 1253 3935 effodiat
1275 3885 1302 3938 U

159 3967 332 4019 necessariam
355 3969 382 4025 U
441 3970 473 4022 10
492 3983 554 4035 ergo
573 3968 599 4021 L
655 3970 687 4023 18
705 3967 756 4020 sim
775 3983 883 4067 securus
906 3968 933 4024 U
993 3970 1024 4022 19
1043 3970 1161 4036 tempore
1185 3968 1235 4036 Oo,
1254 3984 1298 4021 me

159 4079 276 4146 tempore
299 4086 344 4133 cet.
416 4096 458 4132 me
481 4097 531 4134 om.
550 4080 697 4136 FLMPU
763 4037 986 4148 2100011101
1053 4079 1121 4132 forte
1144 4098 1194 4135 om.
1215 4081 1302 4137 FPU

157 4191 190 4243 22
200 4205 260 4243 maa
269 4205 343 4244 mens
352 4192 437 4248 FPU
486 4158 653 4261 25¹spectnm
667 4193 694 4247 U
744 4191 810 4244 iram
825 4192 875 4260 Oc,
888 4191 1054 4245 iracundiam
1067 4198 1113 4249 cet.
1161 4193 1196 4246 21
1210 4209 1260 4247 nec
1274 4196 1301 4250 U

158 4275 242 4330 uitam
260 4292 348 4329 meam
370 4277 393 4332 0
445 4282 478 4335 25
497 4278 654 4333 extincxerit
675 4279 697 4334 0
