3036 4770
559 310 704 379 epistula
720 310 792 375 XXI,
811 313 921 368 61-4.
1252 295 1312 362 151

176 485 320 551 rectionis
351 484 467 550 exorsis
497 486 591 550 altius
614 486 724 550 uolans
751 488 928 570 penetrauit
956 492 987 552 et
1008 490 1120 568 caelos,
1153 507 1253 570 neque
1280 489 1314 554 in

176 589 294 674 angehs
318 590 412 669 stetit,
437 589 492 654 sed
515 590 718 673 archangelos
742 608 864 672 quoque
887 594 919 655 et
942 609 1050 656 omnes
1074 592 1206 675 desuper
1228 611 1313 658 orea-

176 696 260 758 tmes
291 695 423 758 uirtutes
452 694 643 777 principatus
674 696 901 760 dominationes
932 695 1062 761 thronos
1092 715 1313 781 supergressus

175 797 207 860 in
227 789 333 880 ipsum
355 817 389 863 se
416 803 587 864 creatorem
615 800 713 864 ardua
739 803 844 864 mente
867 800 989 880 direxit,
1012 803 1043 864 et
1065 800 1104 864 ab
1127 800 1182 865 ille
1203 800 1313 866 ineffa-

135 901 228 968 rbili
257 904 458 986 generatione
492 903 615 969 ordiens
650 906 849 969 coaeternum
884 909 915 968 et
949 904 1249 970 consubstantialem
1283 909 1314 970 et

176 1007 459 1089 coomnipotentem
482 1012 519 1071 et
535 1008 714 1089 coopificem
733 1009 814 1090 patri
833 1007 935 1073 filium
955 1009 1122 1088 nuntiauit,
1145 1009 1184 1079 in¹
1201 1009 1313 1091 spiritu

176 1114 280 1174 sancto
304 1112 360 1175 deo
384 1111 478 1175 deum
506 1130 646 1191 cernens,
672 1114 745 1194 quia
771 1113 802 1176 in
830 1113 896 1196 ipso
920 1113 1043 1178 trinitas
1067 1113 1239 1177 diuinitatis
1265 1114 1313 1178 in·

175 1215 275 1296 pletur
303 1219 424 1280 etune
450 1216 597 1280 trinitatis
626 1216 773 1280 diuinitas
801 1218 948 1281 cernitur.
995 1216 1121 1299 spiritns
1152 1219 1235 1282 enim
1263 1217 1313 1281 dei

175 1318 254 1382 sicut
276 1323 306 1383 et
330 1319 461 1383 uerbum
485 1320 534 1383 dei
557 1320 642 1399 dene,
672 1323 802 1402 uterque
829 1321 946 1385 inuno
970 1322 1071 1404 capite
1094 1324 1312 1404 permanentes

121 1450 148 1488 ro
175 1427 207 1487 ot
229 1442 263 1487 er
286 1442 347 1488 uno
370 1425 468 1507 patris
491 1424 576 1488 fonte
600 1429 775 1505 manantes
806 1426 861 1489 sed
884 1425 966 1490 filius
989 1426 1155 1506 nascendo,
1186 1425 1311 1508 spiritus

174 1528 380 1609 procedendo,
422 1530 510 1593 salua
548 1530 678 1611 quisque
715 1547 920 1612 personarum
957 1549 1085 1595 suarum
1123 1530 1312 1613 proprietate

175 1631 311 1697 distincti
332 1633 434 1714 potius
459 1651 553 1714 quam
577 1633 677 1697 diuisi.

214 1735 244 1800 4.
274 1737 431 1802 Iohannes
465 1739 561 1821 igitur
590 1739 701 1802 beatus
733 1739 882 1802 dominici
915 1738 1049 1822 pectoris
1084 1739 1225 1818 cubator,
1261 1738 1312 1820 qui

174 1858 301 1904 sensum
327 1842 478 1906 creaturis
506 1841 652 1906 omnibus
676 1842 817 1906 altiorem
840 1862 876 1905 ex
900 1844 966 1925 ipso
990 1843 1147 1907 creatricis
1170 1842 1312 1907 omnium

118 1969 146 2010 rs
174 1962 277 2009 rerum
300 1946 391 2009 corde
414 1947 587 2029 sapientiae
611 1947 743 2025 biberat,
774 1946 947 2010 inebriatus
975 1947 1085 2030 spiritu
1109 1951 1227 2028 sancto,
1258 1946 1312 2028 qui

152 2053 364 2114 ,scrutatur
385 2051 498 2115 etiam
519 2053 595 2115 alta
615 2052 687 2130 dei,
710 2051 750 2114 ab
770 2052 837 2132 ipso
858 2052 968 2115 intimo
986 2056 1017 2115 et
1032 2051 1154 2116 infinito
1170 2052 1311 2115 omnium

171 2155 393 2237 principiorum
414 2156 564 2238 principio
585 2157 739 2239 euangelii
755 2156 828 2220 iecit
850 2156 1019 2235 exordium,
1039 2174 1099 2238 quo
1122 2174 1184 2220 uno
1207 2155 1313 2220 omnia

173 2258 297 2338 diabch,
328 2278 406 2341 quae
433 2261 464 2323 in
492 2261 656 2324 haereticis
685 2262 811 2340 latrant,
843 2279 897 2324 ora
923 2260 1118 2324 clauduntur.
1158 2262 1189 2323 et
1211 2260 1312 2343 prima

171 2361 256 2427 Arrii
277 2361 384 2447 lingua
407 2365 603 2447 praeciditur,
634 2366 688 2429 sed
719 2369 749 2428 et
772 2363 898 2429 Sabellii
923 2365 1120 2448 blasphemia
1149 2368 1311 2444 uacuatur,

115 2494 145 2534 so
171 2485 244 2531 cnm
274 2469 382 2533 eedem
412 2469 575 2552 piscatoris
610 2471 708 2534 nostri
739 2470 895 2534 sententie
927 2474 957 2533 et
988 2469 1091 2533 unitas
1123 2469 1246 2533 deitatis
1277 2469 1311 2533 in

171 2576 259 2655 patre
287 2576 318 2637 ct
340 2573 402 2638 filio
430 2579 462 2638 et
485 2575 594 2638 diuisio
617 2574 850 2656 personalitatis
875 2574 1066 2657 exprimitur.
1095 2574 1203 2638 eodem
1227 2574 1310 2657 capi·

170 2678 237 2741 tulo
267 2681 298 2741 et
324 2677 487 2758 Photinus,
518 2679 648 2743 hnmani
674 2682 799 2743 tantum
826 2679 857 2742 in
885 2677 1009 2742 Christo
1037 2678 1151 2742 exordii
1180 2678 1309 2741 demens

170 2781 331 2865 magister,
362 2783 535 2865 exploditur
563 2787 595 2847 et
616 2783 767 2862 Marcion,
799 2783 851 2864 qni
875 2783 968 2846 deum
992 2782 1071 2866 legis
1099 2785 1131 2845 et
1156 2781 1310 2865 euangelii

170 2884 327 2967 discernit,
354 2887 544 2969 extinguitur
567 2890 599 2951 et
621 2886 835 2966 Manichacus,
865 2887 933 2950 ueri
955 2886 1100 2950 creatoris
1125 2889 1255 2969 negator
1279 2888 1310 2949 ct

112 3013 142 3055 ss
171 2989 242 3054 falsi
264 2991 421 3072 confictor,
452 2989 612 3071 obteritur,
644 2990 789 3056 subtexta
815 2991 884 3054 ilico
908 2991 1048 3054 eiusdem
1071 2990 1309 3072 supercaelestis

171 3095 325 3177 euangelii
355 3112 430 3159 uoce
464 3096 611 3160 confusus
646 3095 888 3180 (supercoeleste
917 3095 976 3159 hoc
1006 3095 1205 3178 euangelium
1236 3094 1309 3175 dixi,

171 3199 244 3280 quia
267 3200 425 3264 exordium
449 3200 514 3264 eius
538 3200 576 3264 ab
601 3218 638 3264 ea
661 3200 787 3283 origine,
811 3217 890 3281 quae
914 3217 1006 3283 super
1026 3217 1136 3263 omnes
1156 3198 1257 3263 caelos
1279 3202 1310 3262 et
1380 3248 1384 3255 .

275 3364 319 3433 re]
338 3362 405 3432 (ron.
421 3365 460 3427 re,
474 3365 515 3419 aa.
534 3365 575 3428 ar,
587 3363 639 3432 ao).
696 3363 739 3432 re]
758 3361 942 3428 1c0r.a‚1o.

215 3520 286 3588 let]
306 3519 340 3572 ad
358 3520 388 3574 F
441 3520 586 3575 3trhonos
604 3522 631 3573 P
686 3519 822 3588 tipsum]
841 3519 965 3589 spiritum
988 3520 1016 3576 U
1069 3521 1236 3574 5coetemm
1255 3519 1310 3573 FP

169 3608 216 3662 ott.
236 3609 263 3661 et
280 3625 362 3663 omo
432 3607 707 3676 6coomnipotentem
726 3609 780 3675 Po,
805 3607 1014 3675 omnipotentem
1027 3613 1073 3663 cet.
1144 3606 1263 3659 initiauit
1285 3607 1312 3662 U

170 3693 254 3749 ideo
272 3713 323 3750 om.
337 3695 422 3750 FPU
489 3694 616 3747 diuinatis
639 3696 665 3750 U
734 3697 763 3750 ll
788 3710 915 3762 personae
934 3710 995 3746 suae
1014 3696 1050 3748 Μ
1118 3696 1149 3748 12
1168 3693 1246 3746 diuisi
1266 3694 1308 3761 M,

170 3781 251 3835 diuisi
277 3785 353 3835 erant
380 3781 430 3849 F1,
458 3782 538 3835 diuisi
561 3784 640 3835 erunt
657 3788 712 3849 cet,
740 3781 819 3834 diuisi
842 3784 906 3834 sunt
929 3781 998 3836 coci.
1020 3782 1114 3836 Scecb.
1162 3781 1211 3834 .13
1229 3778 1307 3832 tuba-

169 3874 212 3923 tor
234 3871 265 3938 U,
284 3868 459 3924 accubatore
513 3872 545 3924 14
564 3885 689 3923 sensusv
753 3869 879 3921 creatoris
897 3867 939 3922 F¹
1002 3867 1109 3920 altiores
1128 3867 1181 3920 Mu
1234 3881 1306 3919 crea·

751 3955 835 3989 altiorem

169 3999 229 4053 ticie
255 4001 283 4057 U
377 4003 409 4055 15
433 3999 540 4052 scientie
564 3999 648 4056 FPU
716 4001 747 4053 17
837 3996 968 4064 euangelii
986 3998 1024 4051 M
1091 3999 1123 4052 18
1141 3995 1227 4063 primo
1246 3995 1311 4049 ΕΜ

170 4088 203 4143 19
226 4085 319 4140 sabelli
342 4087 399 4142 PU
469 4084 610 4139 blasfemia
632 4091 781 4139 uacuantur
808 4086 830 4139 0
901 4087 934 4138 20
959 4082 1078 4152 deitatis]
1102 4082 1145 4135 dci
1167 4081 1251 4151 patris
1274 4084 1311 4137 Μ

169 4173 328 4243 impetreO
397 4176 431 4228 2⁸2
450 4173 549 4227 fotinus
568 4192 588 4224 ω
659 4172 818 4227 clemensO
887 4173 921 4226 23
939 4170 1055 4224 martion
1074 4171 1138 4226 ΜΗ
1203 4172 1237 4226 24
1255 4169 1307 4223 uiri

169 4266 272 4316 creator
289 4262 445 4332 negatorO
