3036 4770
143 281 208 367 352
476 318 501 372 S.
515 319 646 373 Paulini
665 319 785 372 Nolani
804 318 949 387 episcopi

191 494 238 559 10.
261 495 341 559 Non
364 495 448 558 enim
472 498 528 559 est
550 494 656 558 nobis
680 495 908 559 conluctatio
932 494 1112 558 aduersus
1136 511 1288 557 carnem

144 605 180 665 ct
203 601 437 683 sanguinem,
468 601 523 664 sed
551 600 700 664 aduersus
728 598 903 664 inuisibiles
930 599 1073 663 inimicos
1101 603 1133 662 et
1155 598 1288 662 aduer-

144 724 205 769 sus
230 706 421 788 spiritalia
443 704 635 787 nequitiae
662 705 698 768 in
726 703 972 784 caelestibus,
1003 722 1065 767 non
1089 704 1170 785 quod
1194 702 1288 785 spiri·

143 815 194 874 tus
224 828 358 891 nequam
388 810 420 872 in
448 808 635 872 caelestibus
666 813 772 890 agant,
803 808 858 871 sed
884 808 965 891 quod
996 809 1029 872 in
1056 807 1184 872 caelesti
1211 824 1289 870 con-

144 915 318 979 uersatione
349 913 527 978 uiuentibus
562 913 775 977 aduersontnr.
816 913 1014 976 induamus
1047 913 1151 994 itaque
1183 929 1289 975 arma
1331 936 1346 974 s

143 1018 254 1099 lueis,
280 1020 317 1082 in
341 1018 406 1081 deo
430 1022 558 1081 nostro
582 1017 903 1100 transgrediamur
926 1035 1069 1080 murum
1091 1016 1180 1080 illum
1202 1015 1289 1078 inter

144 1141 200 1186 nos
228 1127 260 1185 et
285 1124 378 1186 deum
407 1125 603 1204 separantem
631 1140 688 1185 nec
711 1123 748 1185 de
777 1122 893 1185 carnali
914 1120 1093 1184 infirmitate
1116 1121 1288 1184 timeamus

144 1227 356 1291 aduersarium
387 1227 520 1308 spiritaii
551 1229 664 1290 natura
694 1226 876 1305 uiolentum,
910 1225 983 1306 quia
1013 1226 1137 1288 uirtus
1166 1225 1203 1287 in
1233 1224 1289 1286 in·

144 1331 329 1394 firmitate
351 1330 565 1413 perficitur,
598 1333 629 1393 et
655 1348 718 1393 non
744 1330 777 1393 in
804 1330 919 1392 uirtute
943 1346 1000 1392 sua
1021 1332 1133 1410 potens
1157 1333 1205 1392 est
1227 1328 1287 1407 uir,

144 1437 199 1498 sed
222 1435 366 1498 dominus
391 1434 550 1498 infirmum
573 1435 649 1498 facit
676 1435 889 1498 aduersarium
917 1434 993 1513 eius,
1023 1452 1116 1516 quem
1140 1431 1207 1515 ipse
1231 1432 1287 1496 do·
1318 1457 1344 1492 ιο

145 1540 248 1603 minus
270 1539 431 1618 uirtutum,
451 1558 503 1602 rer
523 1539 651 1623 gloriae,
672 1539 727 1603 tali
746 1557 801 1621 pro
823 1537 911 1602 nobis
928 1537 1154 1620 congressionis
1170 1555 1287 1619 genere

144 1643 314 1724 confundit,
338 1646 373 1707 ut
395 1645 484 1707 iilum
507 1644 540 1707 in
563 1662 654 1707 cruce
671 1642 786 1707 Christi
809 1660 872 1707 non
895 1642 1003 1705 diuina
1025 1642 1126 1705 uirtus
1149 1641 1204 1704 sed
1227 1640 1288 1703 hu-

144 1766 238 1811 mana
271 1751 432 1830 superaret
465 1747 640 1812 infirmitas.
695 1765 861 1829 sequamur
898 1747 1004 1828 itaque
1038 1745 1287 1827 triumphantem

143 1852 259 1932 Iesum,
285 1858 316 1916 et
339 1857 443 1917 scuto
466 1852 539 1916 fidei
562 1852 767 1916 circumdet
789 1869 854 1915 nos
878 1851 1018 1915 ueritas
1042 1850 1136 1930 eiua,
1159 1853 1286 1912 utnon

143 1957 340 2021 timeamus
371 1977 390 2021 a
417 1957 550 2021 timore
581 1962 762 2022 nocturno
791 1959 821 2019 et
848 1973 867 2019 a
894 1956 1015 2019 iaculo
1045 1955 1198 2018 notante
1221 1972 1287 2035 per
1319 1975 1344 2014 1⁵

144 2061 250 2126 diem.
288 2063 422 2125 cadent
449 2080 468 2126 a
494 2063 613 2126 latere
641 2064 767 2125 nostro
795 2061 897 2124 mille
924 2064 960 2124 et
987 2060 1112 2123 decem
1139 2058 1245 2121 milia
1268 2075 1288 2120 a

144 2166 284 2230 dextris
309 2166 463 2247 nostrie,
488 2185 550 2231 non
573 2170 680 2230 nostra
702 2165 819 2228 uirtute
842 2164 897 2227 sed
921 2162 1045 2242 Christi,
1069 2163 1156 2226 cuius
1179 2180 1288 2245 pugna

144 2275 193 2334 est
213 2289 274 2352 qua
293 2289 470 2354 pugnamus
492 2275 523 2334 et
542 2271 631 2334 cuius
651 2287 842 2350 coronaque
861 2269 1028 2347 uincimus
1050 2268 1123 2349 quia
1142 2265 1288 2330 membra

145 2394 254 2438 sumus
281 2376 418 2457 corporis
445 2376 521 2454 eius,
553 2376 579 2438 si
602 2379 708 2437 tamen
735 2373 958 2436 mortificemus
984 2371 1015 2436 in
1038 2375 1122 2436 terra
1142 2370 1288 2434 membra

145 2484 260 2560 nostra,
290 2484 327 2544 ut
351 2480 429 2543 fiant
456 2497 543 2543 arma
569 2479 718 2558 iustitiae,
750 2477 863 2560 quibus
892 2477 1024 2541 accincti
1052 2479 1083 2539 et
1106 2474 1231 2539 Christo
1256 2478 1288 2538 et
1316 2497 1344 2536 ao

145 2586 263 2669 angelis
287 2585 352 2648 eius
376 2588 408 2648 et
428 2583 517 2648 uobis
540 2585 659 2648 laetum
683 2583 720 2646 dc
744 2586 849 2647 nostro
877 2581 1048 2645 certamine
1071 2579 1287 2662 spectaculum

144 2689 350 2772 praebeamus
371 2693 403 2753 et
423 2689 582 2752 euolantes
604 2688 641 2752 de
661 2689 772 2770 laqueo
793 2690 979 2750 uenatorum
998 2685 1124 2769 garrula
1145 2684 1288 2767 gratula-

145 2794 228 2858 tione
258 2797 436 2858 cantcmus:
468 2794 591 2858 anima
620 2797 750 2857 nostra
779 2792 878 2856 sicut
907 2809 1037 2875 passer
1071 2792 1199 2871 erepta
1230 2791 1289 2852 est

146 2898 188 2961 de
217 2898 351 2980 laqueo
381 2898 616 2971 uenantium;
648 2897 804 2978 laqueus
834 2896 1021 2960 contritus
1054 2896 1123 2973 est,
1155 2896 1190 2956 et
1219 2911 1287 2957 nos

144 3001 298 3066 liberati
329 3021 469 3080 sumus,
504 3002 576 3083 quia
606 3001 832 3065 adiutorium
866 3003 1033 3065 nostrum
1068 3001 1125 3062 eat
1154 2998 1191 3060 in
1226 3014 1289 3060 no·
1315 3020 1343 3058 aa

144 3107 241 3170 mine
272 3107 411 3170 domini
437 3107 508 3170 Iesu
537 3105 660 3170 Christi.
701 3123 761 3169 non
790 3108 838 3168 est
867 3104 949 3168 enim
977 3102 1061 3166 aliud
1088 3120 1200 3167 nomen
1225 3100 1286 3164 sub

145 3211 230 3274 caelo
258 3211 364 3274 datum
392 3210 581 3290 hominibus,
612 3209 644 3274 in
672 3228 732 3291 quo
760 3212 899 3292 oporteat
927 3208 1030 3271 saluos
1053 3205 1121 3270 fieri
1146 3222 1214 3269 nos.
1252 3206 1288 3268 in

144 3314 203 3378 hoc
224 3315 350 3379 nomine
373 3315 602 3398 triumphantes
631 3314 879 3378 confiteamur
903 3312 1049 3376 domino
1077 3309 1288 3374 misericor-

250 3495 276 3564 l]
296 3495 362 3565 Eph.
376 3498 400 3557 6,
416 3499 456 3550 12.
510 3494 538 3563 5]
557 3495 633 3548 Rom.
646 3497 686 3558 13,
700 3497 740 3549 12.
795 3492 993 3562 o]Ps17,3o.
1047 3488 1287 3560 anconae.

147 3582 192 3651 14]
211 3582 255 3636 rs.
269 3585 310 3647 eo,
324 3586 347 3637 5.
361 3584 385 3636 o.
399 3584 422 3636 a.
477 3581 523 3650 aa]
543 3581 586 3635 Ps.
601 3584 658 3646 123,
672 3584 696 3635 r.
709 3584 733 3637 a.
778 3581 824 3648 ao]
843 3580 912 3647 (Act.
926 3582 950 3642 4,
966 3578 1015 3647 12).
1064 3576 1110 3645 aa]
1129 3576 1287 3640 Psloas.

188 3747 268 3817 ain]
291 3747 320 3800 in
343 3762 374 3799 ea
395 3748 434 3811 βλ
505 3746 688 3801 5induamur
706 3747 742 3800 M
810 3745 877 3800 6in
901 3745 1009 3810 FPUr,
1032 3743 1118 3808 etM,
1142 3740 1219 3795 etin
1239 3749 1287 3797 oct.

145 3837 161 3891 7
180 3836 347 3904 soporantem
366 3834 423 3889 PU
480 3837 497 3888 8
516 3833 885 3886 aduersarium-infirmum
904 3831 970 3884 facit
987 3848 1038 3885 om.
1056 3830 1082 3884 U
1138 3830 1154 3882 9
1173 3830 1200 3882 et
1219 3829 1289 3898 uon]

146 3938 195 3977 nec
212 3922 315 3989 FPUx
386 3923 419 3976 13
446 3922 613 3989 separareti
686 3922 718 3975 14
746 3919 894 3974 circumdet
917 3919 983 3983 Ρβλ
1056 3919 1087 3972 17
1115 3914 1161 3970 sed
1184 3915 1290 3970 uirtute

145 4009 231 4067 FPU
299 4010 331 4064 18
354 4006 450 4072 eiuess
522 4010 554 4063 19
578 4011 735 4071 summusss
806 4005 999 4059 mortificamus
1020 4005 1058 4068 βλ
1128 4004 1160 4058 21
1184 4001 1291 4056 laetum

145 4096 237 4154 ornL
300 4097 433 4149 certamur
451 4095 481 4148 F
535 4097 570 4150 23
588 4094 879 4147 anima-nonantinm
898 4093 1000 4148 ouaM
1048 4092 1081 4145 24
1101 4088 1133 4141 de
1152 4088 1288 4156 laqueo-

147 4183 279 4238 contritus
301 4185 343 4237 est
360 4201 410 4238 om.
428 4182 455 4237 U
521 4183 555 4238 25
579 4184 701 4234 nostrum
719 4199 769 4236 om.
783 4181 868 4236 FPU
935 4181 968 4234 26
991 4178 1038 4232 dm
1057 4177 1099 4230 nil
1116 4175 1143 4230 L
1214 4176 1289 4229 onim

146 4269 221 4325 uliud
239 4284 337 4324 nomen
355 4272 396 4323 est
412 4270 450 4334 βλ
520 4270 555 4325 28
573 4267 763 4322 confitemurt
833 4265 1014 4321 misericordia
1031 4264 1116 4322 FPU
