3036 4770
160 306 225 370 444
414 326 551 393 Operum
571 325 741 380 S.Pauliui
760 325 879 380 Nolani
897 327 1043 396 episcopi

161 521 220 560 sam
237 503 313 561 uiam
330 503 500 571 incedimus3
520 504 657 562 habemus
673 504 749 562 enim
764 505 799 562 ad
816 504 885 562 haec
899 505 1028 564 comitem
1044 505 1261 564 multitudinem
1279 510 1311 565 et

160 598 217 656 late
233 599 368 658 similium
385 600 525 673 stipamur·
541 599 714 673 agminibus.
739 599 763 658 si
780 599 943 658 iracundiae
959 600 1106 661 libidinem
1122 600 1236 676 exploro
1252 620 1308 660 uo-

160 694 265 765 lumus,
287 695 312 753 si
328 695 462 753 iniuriam
483 695 639 764 uindicare,
661 695 685 753 si
701 695 881 754 maledicenti
898 696 1092 757 maledicimus
1107 700 1136 756 ot
1150 698 1310 757 aduersum

160 789 306 848 inimicum
327 790 442 850 inimico
465 791 560 849 animo
582 809 690 861 sumna,
712 808 801 865 aeque
821 809 882 849 cum
902 791 1035 866 plurimis
1056 792 1182 852 terimur.
1216 791 1240 852 si
1257 793 1310 853 uel

160 886 308 944 adulamur
328 886 384 960 ipsi
407 886 453 944 uel
476 886 639 945 adulantem
663 887 787 945 libenter
806 887 947 958 audimus,
972 888 997 946 si
1018 905 1086 947 uero
1104 888 1227 964 gratiam
1248 887 1308 947 im-

159 982 310 1055 pendimus
330 985 359 1040 et
379 981 471 1056 magis
491 982 633 1041 offendere
652 982 786 1041 timemus
803 982 914 1041 animos
931 983 1078 1043 hominum
1093 1001 1177 1059 quam
1193 1000 1253 1043 non
1271 1003 1309 1044 ex

160 1077 255 1135 animo
271 1077 358 1151 loqui,
375 1078 408 1136 de
425 1077 577 1136 multorum
593 1078 661 1137 item
677 1078 726 1136 uia
741 1096 849 1137 sumus.
870 1081 914 1138 tot
930 1079 1022 1139 nostri
1038 1080 1107 1139 socii
1122 1081 1191 1154 quot
1207 1083 1307 1139 extra-

161 1172 207 1231 nei
234 1172 374 1231 ueritatis.
411 1176 441 1231 at
467 1192 482 1232 e
508 1174 662 1246 contrario,
685 1174 710 1232 si
738 1176 774 1232 ab
800 1174 847 1233 his
873 1173 955 1233 uitiis
981 1175 1110 1234 extranei
1140 1193 1251 1247 sumus,
1280 1176 1308 1236 si

159 1287 262 1343 purum
285 1286 318 1328 ac
339 1269 460 1327 liberum
483 1273 699 1343 praesentamus
723 1269 849 1329 animum
873 1273 902 1328 et
925 1271 1001 1329 omni
1020 1271 1175 1345 cupiditate
1193 1271 1309 1331 calcata

160 1365 228 1423 solis
252 1366 399 1426 studemus
423 1364 527 1424 diuites
550 1382 613 1424 esse
634 1365 801 1436 uirtutibus,
825 1384 876 1440 por
895 1369 1050 1440 angustam
1069 1366 1146 1425 uiam
1165 1366 1307 1439 nitimur3

159 1461 340 1519 conuersatio
352 1460 428 1519 enim
441 1461 498 1520 ista
508 1479 662 1535 paucorum
674 1465 720 1520 est
731 1466 832 1535 estque
845 1479 993 1535 perrarum
1008 1464 1094 1536 atquo
1110 1460 1225 1521 difficile
1241 1461 1307 1523 ido·

160 1573 229 1615 neos
241 1556 355 1615 itineris
371 1556 488 1615 comites
504 1556 643 1631 reporir·e;
660 1557 730 1631 quin
747 1557 832 1615 etiam
847 1557 930 1616 multi
946 1557 999 1616 hac
1015 1558 1056 1616 ire
1071 1574 1104 1616 se
1118 1557 1260 1616 simulant
1277 1562 1309 1618 et

160 1669 211 1725 por
222 1651 337 1711 diuersa
348 1670 473 1710 errorum
486 1652 656 1711 diuortioula
670 1653 705 1710 ad
719 1652 794 1711 uiam
811 1653 1006 1712 multitudinis
1021 1654 1217 1713 reuertuntur.
1234 1654 1308 1716 adeo

159 1746 317 1805 timendum
332 1751 377 1806 est
392 1766 440 1819 ne,
455 1764 526 1822 quos
543 1749 628 1807 duces
643 1748 712 1806 recti
729 1748 816 1807 huius
832 1748 946 1806 itineris
962 1749 1066 1808 habere
1082 1765 1134 1809 nos
1149 1747 1307 1821 eredimus,

160 1859 208 1900 eos
223 1842 341 1901 comites
356 1843 511 1902 habeamus
527 1844 641 1902 erroris.

205 1945 253 1997 12.
275 1937 304 1997 Si
325 1939 413 2013 igitur
429 1939 619 1998 inueniuntur
635 1939 772 2013 exempla,
788 1957 860 2013 quae
877 1957 929 1999 nos
945 1939 1085 2014 perhanc
1100 1939 1207 1999 ducant
1226 1939 1309 1999 uiam

159 2035 193 2093 ad
213 2034 303 2092 uitam
323 2037 352 2093 et
369 2038 478 2093 rectum
499 2036 642 2110 euangelii
665 2035 808 2094 tramitem
829 2037 958 2107 teneant,
983 2037 1128 2109 sequenda
1148 2037 1233 2105 sunt;
1257 2035 1309 2095 siu

158 2146 225 2187 uero
241 2148 274 2188 ea
289 2131 335 2189 uel
350 2130 485 2189 deliciunt
501 2131 546 2189 uol
563 2131 680 2190 deficere
696 2133 851 2205 putantur,
871 2131 1063 2205 apostolorum
1078 2129 1170 2190 forma
1184 2131 1309 2190 uniuer-

158 2225 199 2283 sis
223 2226 369 2301 proposita
393 2230 446 2285 est.
478 2227 581 2285 clamat
604 2245 657 2285 uas
680 2226 829 2286 electionis
855 2243 965 2300 uosque
985 2225 1068 2300 quasi
1089 2227 1123 2284 ad
1144 2230 1308 2301 angustum

159 2321 211 2380 hoc
233 2321 289 2379 iter
311 2325 448 2381 conuocat
473 2322 585 2381 dicens:
613 2322 810 2381 imitatores
834 2322 897 2380 mei
920 2324 1047 2393 estote,
1073 2321 1164 2380 siout
1187 2324 1223 2381 et
1242 2340 1308 2398 ogo

159 2416 299 2475 Christi.
332 2421 422 2488 certe,
451 2419 523 2490 quod
549 2417 740 2492 estamplius
764 2417 910 2489 omnibus,
939 2417 1031 2493 ipsius
1059 2416 1165 2477 domini
1193 2417 1307 2477 reluce-

160 2512 214 2570 scit
229 2512 397 2587 exemplum‚
418 2514 466 2587 qui
487 2513 518 2571 in
534 2513 682 2589 euangelio
698 2513 753 2572 ait:
777 2513 895 2572 uenite
914 2514 953 2572 ad
974 2531 1022 2572 me
1042 2513 1236 2588 omnesqui
1257 2514 1308 2573 la·

263 2699 309 2769 20]
328 2698 342 2752 I
361 2698 419 2754 Cor.
432 2700 457 2764 4,
472 2702 512 2755 16.
533 2703 573 2762 11,
588 2703 616 2764 1;
633 2699 704 2754 Phil.
717 2701 742 2765 3,
757 2702 796 2755 17.
851 2699 896 2769 22]
915 2699 1011 2754 natm.
1026 2703 1068 2764 11,
1079 2701 1121 2755 28.

203 2881 385 2937 liuoodimus
404 2882 518 2951 uicino
588 2882 622 2936 ad
641 2882 691 2937 hoe
709 2900 729 2937 ιι
799 2882 970 2952 comitumue
1034 2882 1237 2939 2iraoundiam
1255 2897 1308 2955 ιιψ

157 2968 348 3038 libidinemque
366 2968 475 3038 implere
494 2988 514 3025 ιι
576 2968 866 3038 3remaledicimuso
928 2969 1098 3039 ιάιιιιιιιεψ
1148 2970 1273 3025 dsimua
1286 2991 1308 3030 x

157 3055 323 3124 pluribuao
393 3056 581 3112 5audiuimus
599 3074 616 3108 c
687 3072 781 3110 uerum
799 3055 886 3110 dicere
904 3056 1033 3125 gratiam
1095 3055 1259 3126 impedimus
1279 3077 1307 3128 v,

159 3142 367 3212 impedimurp
438 3143 517 3212 bet]
540 3143 681 3197 homiuum
704 3146 772 3212 etue
842 3141 969 3197 timemus
992 3143 1094 3197 animoa
1116 3143 1258 3198 hominum
1278 3164 1306 3216 p,

159 3229 285 3283 timemus
302 3229 443 3283 hominum
462 3230 565 3284 animos
582 3249 610 3297 ιι,
634 3231 737 3284 animos
759 3229 900 3283 hominum
919 3230 1045 3284 timemus
1067 3248 1117 3299 uo,
1138 3229 1263 3284 homines
1282 3244 1307 3301 ψ

159 3317 278 3387 lloqui]
297 3317 370 3385 loqui
389 3317 540 3386 dominoo
593 3317 625 3371 de
644 3329 731 3385 ιιιψ
784 3316 828 3369 uia
846 3317 949 3386 sumus]
969 3317 1026 3370 uias
1044 3316 1150 3384 imusp
1203 3319 1305 3390 nostri]

159 3409 222 3459 sunt
239 3405 304 3459 cdd.
317 3405 404 3460 Rosw.
459 3404 509 3457 ocii
527 3422 546 3459 x
598 3407 656 3460 aar
673 3414 761 3472 occo
812 3403 867 3474 his]
880 3402 1162 3471 omnibusodd.ao1p
1215 3405 1306 3459 omni-

158 3491 208 3546 bus
225 3491 267 3545 his
286 3491 363 3544 uieiis
380 3509 400 3545 ιι
461 3491 547 3560 uitiis]
566 3491 641 3545 uitiis
660 3491 779 3560 uacuiip
841 3506 932 3544 sumus
951 3491 1066 3543 extranei
1085 3507 1125 3545 ιιυ
1182 3492 1306 3546 extranei

158 3589 243 3646 ιιιψ
295 3578 652 3647 9praestamusanimumrle
706 3579 891 3646 llpaucorum
901 3577 954 3631 ista
966 3579 1096 3644 estquev
1147 3578 1305 3649 perrarum]

158 3682 296 3735 perrarum
315 3670 357 3719 est
374 3683 401 3733 ιι,
420 3682 509 3719 rarum
528 3684 545 3716 v
617 3664 736 3734 idoneos]
755 3667 782 3718 et
800 3664 921 3732 uuiusrp
984 3666 1015 3719 12
1034 3662 1113 3716 huius
1130 3662 1235 3717 itineris
1254 3678 1306 3734 ιιψ

158 3752 290 3822 reperite
356 3769 421 3806 ccv
488 3755 519 3807 13
538 3751 720 3805 multitudinis
739 3751 911 3804 diuertuntur
929 3750 994 3804 adeo
1011 3768 1031 3807 x
1100 3749 1159 3803 ideo
1176 3760 1209 3819 ψ,
1227 3750 1305 3805 ideo·

158 3856 208 3908 que
227 3857 246 3894 ιι
312 3842 344 3895 14
361 3839 442 3892 huius
460 3839 525 3893 recti
544 3857 563 3893 ιι
629 3842 661 3895 16
679 3838 759 3908 hanc]
777 3837 848 3892 hauc
866 3838 937 3892 uiam
956 3838 1051 3905 (uitam
1067 3836 1097 3905 ιι)
1115 3853 1156 3891 ιιι
1227 3837 1305 3893 uiam

158 3926 293 3980 adultam
312 3929 420 3996 scripsi,
439 3926 472 3979 ad
491 3926 575 3978 uitam
594 3944 689 3995 uxpv,
712 3926 784 3978 uiam
803 3935 826 3993 ψ
897 3926 929 3980 18
953 3922 1092 3992 deficiunt]
1115 3921 1257 3977 diffiniunt
1280 3937 1306 3994 ψ

159 4014 273 4068 definere
291 4017 388 4083 putant
407 4024 429 4082 ψ
490 4013 634 4082 uniuersis]
653 4012 798 4080 cunctisne
861 4013 893 4067 19
911 4011 998 4079 posita
1016 4014 1097 4078 estu
1148 4009 1304 4082 electionis]

158 4102 328 4172 paulusoctd.
341 4114 389 4171 ιιψ
442 4116 605 4170 nosquoque
618 4119 645 4170 a,
658 4100 822 4168 nobisqueur
874 4101 908 4154 20
926 4098 988 4167 hoc]
1007 4098 1098 4165 hacp
1149 4112 1304 4153 conuocatis

157 4208 231 4258 acco,
248 4200 442 4258 commeanso
506 4187 596 4242 diceus
614 4207 640 4259 y,
659 4187 725 4242 dicit
742 4193 788 4243 cet.
851 4185 885 4239 ad
903 4185 953 4239 hoo
970 4185 1023 4239 iter
1040 4187 1183 4254 augustum
1203 4200 1304 4241 conuo-

158 4293 219 4332 caus
237 4282 264 4330 et
281 4295 301 4331 ιι
354 4277 433 4346 sicut]
453 4275 528 4330 sica
580 4278 611 4332 21
632 4275 731 4329 relucet
748 4285 796 4343 ιιψ
847 4275 881 4329 22
899 4287 991 4328 omnes
1009 4289 1061 4331 om·
1079 4289 1100 4329 ιι

1348 904 1363 942 5

1337 1394 1363 1431 10

1309 1871 1362 1909 '15
