3036 4770
564 346 709 416 epistula
726 346 827 409 xxm
847 363 868 400 c.
882 349 958 401 r-s.
1264 327 1328 392 165

188 522 293 586 cibum
324 541 450 586 carnem
480 541 578 586 suam.
625 540 709 586 caro
741 522 836 584 enim
868 521 962 599 eius,
993 525 1028 583 ut
1058 520 1125 603 ipse
1153 521 1211 600 ait,
1241 540 1327 585 nere

188 627 292 690 cibus
323 626 424 690 uitae
451 630 515 690 est.
551 626 619 709 ipsa
646 630 693 689 est
720 629 751 688 et
777 625 832 688 illa
854 624 1026 688 seeundum
1049 624 1242 687 Hieremiam
1266 625 1328 689 olla

188 749 281 793 urens
301 733 429 812 peccata
449 734 481 793 et
501 730 553 793 illo
574 730 640 812 igni
659 747 858 807 consumens,
880 729 916 791 tle
937 746 997 808 quo
1019 728 1076 791 ait:
1100 728 1222 811 ignem
1242 729 1329 792 ueni

188 834 338 898 mittere
362 834 399 897 in
422 837 569 912 terram,
594 852 688 914 quem
711 834 790 896 etin
807 832 896 896 nobis
916 836 1060 914 optemus
1083 832 1218 911 accendi,
1243 836 1277 895 ut
1296 832 1327 895 in

151 965 162 1002 ⁵
188 939 250 1002 olla
272 937 419 1001 dominici
441 938 576 1020 corperis
602 929 704 1001 idest
728 937 859 1001 ecclesia
882 954 1110 1017 concoquamur
1132 937 1328 1018 perustisque

188 1042 272 1105 uitiis
293 1042 443 1104 defaecati
459 1041 630 1104 efficiamur
651 1045 845 1123 argentum
865 1042 949 1123 igne
970 1040 1230 1119 examinatum,
1250 1057 1328 1121 pro-

189 1145 314 1209 batum
343 1149 479 1224 terrae,
511 1150 711 1227 purgatum
742 1145 929 1227 septuplo,
962 1147 997 1207 ut
1026 1144 1089 1206 iam
1119 1162 1181 1207 non
1211 1145 1329 1207 urenda

189 1254 349 1314 sarmenta
371 1250 426 1312 sed
449 1250 592 1331 palmites
617 1248 765 1311 fructuosi
789 1250 820 1312 in
845 1249 953 1311 eodem
977 1248 1101 1311 domino
1129 1247 1160 1311 id
1184 1253 1232 1311 est
1254 1266 1329 1311 uera

189 1355 252 1417 uite
281 1372 464 1417 maneamus
489 1352 603 1434 fiatque
632 1353 721 1416 nobis
750 1353 832 1416 irlem
863 1353 1007 1416 dominus
1035 1352 1073 1415 ad
1101 1370 1206 1416 escam
1229 1352 1328 1415 tlulcis

143 1484 163 1520 ιο
190 1458 240 1522 ille
262 1458 383 1536 botruS,
414 1459 465 1537 qui
493 1458 581 1520 nohis
609 1457 639 1519 in
664 1457 764 1520 erucis
792 1461 881 1520 ucote
910 1475 1080 1538 suspensus
1109 1457 1145 1520 de
1174 1460 1257 1520 terra
1281 1476 1330 1520 re·

188 1562 403 1644 promissionis
428 1565 459 1624 et
481 1563 619 1624 fructum
643 1562 779 1624 ostendit
802 1565 833 1624 et
855 1565 982 1644 gustum
1005 1560 1099 1639 (ledit,
1123 1579 1142 1622 u
1181 1578 1242 1624 non
1265 1561 1329 1624 iam

189 1669 345 1729 sectemur
372 1666 447 1729 uilia
475 1665 554 1728 ruris
582 1666 689 1728 inculti
717 1665 870 1747 gramina,
901 1665 980 1727 inter
1008 1682 1086 1745 quae
1114 1664 1207 1727 etiam
1234 1666 1330 1747 pesti·

189 1770 270 1833 feros
306 1770 506 1832 uiticularum
544 1769 734 1832 siluestrium
774 1787 912 1832 racemos
950 1787 1075 1849 carpere
1108 1768 1328 1849 periclitemur.

189 1873 271 1955 quod
294 1878 376 1936 certe
401 1873 490 1936 nclris
514 1874 633 1952 accidit,
664 1891 736 1936 oum
765 1874 927 1954 squalente
954 1890 1099 1935 curarum
1123 1872 1330 1935 saecularium

143 2003 163 2042 rs
190 1978 287 2060 spinis
317 1978 433 2055 anima,
462 1979 511 2040 cui
541 1979 663 2040 cultura
693 1977 741 2039 ‹lei
773 1977 904 2040 uerbum
935 1980 991 2055 est,
1022 1976 1121 2039 uitam
1152 1977 1233 2039 hano
1262 1977 1332 2039 aeui

188 2081 318 2145 breuem
350 2085 380 2143 et
408 2081 481 2144 boni
510 2082 648 2144 sterilem
673 2081 878 2161 suspirantes,
901 2081 982 2143 inter
1005 2085 1094 2143 actus
1123 2098 1331 2163 superuacues

189 2189 317 2266 peccata
347 2185 438 2247 noxia
465 2184 553 2264 quasi
584 2185 665 2248 inter
697 2188 836 2267 agrestes
864 2183 977 2247 herbas
1005 2185 1147 2266 germina
1178 2187 1332 2247 uenenata

189 2289 375 2371 conligimus
404 2293 435 2350 et
463 2289 507 2351 sie
535 2290 565 2350 in
593 2288 688 2351 ollam
718 2289 854 2369 corporis
880 2288 928 2350 uel
952 2287 1052 2350 cordis
1077 2289 1174 2351 nostri
1198 2292 1331 2352 mortem

191 2393 353 2455 mittimus.
393 2392 447 2455 sorl
475 2393 591 2474 gratias
620 2393 687 2471 (leo,
719 2393 779 2472 qui
809 2410 873 2455 nos
901 2391 1084 2455 liberauit
1111 2392 1153 2455 do
1180 2410 1332 2474 corpore

143 2524 163 2559 n
189 2497 322 2560 mortis
345 2496 455 2558 liuius
479 2515 542 2576 per
566 2495 758 2560 Christum
785 2497 907 2558 lesum
932 2496 1118 2558 (lominum
1150 2501 1331 2575 nostrum,

189 2618 249 2681 quo
280 2600 455 2664 infirmitati
488 2605 610 2663 nostrae
643 2601 691 2663 sui
723 2601 849 2683 spiritus
883 2601 1031 2663 uirtutem
1063 2601 1269 2681 permiscente
1301 2606 1333 2665 et

188 2704 363 2767 amaritudo
387 2704 525 2767 malitiae
549 2708 675 2767 nostrae
699 2708 730 2767 et
753 2704 901 2767 sterilitas
922 2703 1099 2766 inutilitatis
1120 2704 1223 2768 infuso
1243 2723 1333 2786 prae·

189 2809 299 2872 corrliis
330 2808 425 2871 uerbo
453 2809 502 2872 (lei
533 2810 621 2871 uelut
651 2811 853 2873 concertante
882 2807 1027 2871 salutaris
1055 2811 1110 2871 aut
1136 2808 1235 2871 uiuitli
1258 2809 1331 2871 salis

188 2913 351 2995 aspergine
375 2912 413 2974 ad
437 2912 633 2975 dulcedinem
656 2912 943 2993 fecunditatemque
968 2914 1090 2975 mutata
1114 2916 1173 2977 est.

145 3041 167 3078 a
236 3015 264 3079 8.
291 3018 497 3080 ltecnrremus
526 3017 563 3079 acl
587 3017 717 3080 fratrem
741 3017 908 3094 Victorem,
940 3016 993 3098 qui
1017 3034 1073 3079 uas
1097 3018 1192 3080 etiam
1216 3019 1332 3080 larinu-

188 3121 236 3184 lae
269 3125 392 3184 nostrae
423 3141 459 3184 ex
490 3140 547 3184 usn
579 3122 787 3203 usurpationis
819 3140 904 3199 strae,
935 3139 1029 3201 quam
1060 3121 1092 3183 in
1124 3122 1248 3185 nominc
1279 3123 1329 3186 dei

190 3224 334 3305 faciebat,
365 3225 524 3306 copiosum
548 3225 585 3288 rle
612 3225 825 3288 benedictione
855 3225 936 3299 lecit,
970 3229 1004 3287 ut
1032 3225 1148 3306 aliquid
1176 3226 1270 3290 etiam
1295 3227 1332 3289 cle

294 3441 320 3508 ll
340 3440 481 3501 10111158
500 3444 527 3491 et.
545 3444 586 3495 l8.
650 3441 678 3508 2]
698 3440 780 3504 (Hier.
799 3444 819 3503 l,
837 3442 884 3503 131.
953 3441 980 3507 31
1001 3441 1063 3495 lmo.
1080 3444 1173 3503 11149.
1240 3443 1268 3510 61
1288 3443 1331 3495 Ps.

191 3531 233 3592 11,
247 3531 270 3582 7.
324 3527 538 3595 8](Ιο1ι,15,2).
592 3527 845 3595 auctenticam.
904 3527 945 3595 15]
965 3527 1134 3596 (lmattll).
1192 3530 1236 3597 lo]
1257 3529 1330 3582 Rom.

194 3616 369 3675 Zfflmffi

231 3805 366 3859 2nita0
419 3805 553 3857 icrcmimu
575 3807 609 3858 M
666 3806 757 3869 :tigni
780 3810 810 3863 c.
831 3805 891 3869 igne
911 3811 955 3859 cet.
1015 3809 1270 3872 5conquoquarnur
1289 3808 1331 3871 M,

188 3906 383 3958 conqueramur
402 3892 434 3955 F,
453 3908 679 3958 cumcucqunumr
701 3894 727 3945 ll
789 3896 804 3945 7
824 3896 892 3944 torre
914 3892 960 3951 ΡΙ,
980 3899 1020 3944 ter
1040 3892 1142 3947 FP'U
1209 3896 1225 3948 8
1245 3892 1273 3945 id
1293 3897 1333 3947 est

187 4040 236 4075 one.
256 4021 288 4075 F
339 4026 369 4076 lo
389 4021 499 4074 botruus
522 4020 558 4074 0¹
615 3987 890 4088 11¹⁰pr0missi0msL
945 4021 998 4073 iam
1018 4037 1070 4073 non
1090 4023 1147 4077 PU
1199 4024 1230 4076 12
1249 4022 1333 4076 inter-

188 4107 340 4174 queFOU
409 4109 439 4162 13
459 4107 639 4160 nitucularum
662 4109 688 4163 U
759 4111 789 4162 15
808 4107 893 4175 spinis
911 4126 931 4161 a.
945 4109 962 4160 1.
978 4126 1010 4161 m.
1023 4114 1049 4169 2,
1075 4108 1145 4161 curis
1164 4109 1195 4162 in
1213 4115 1277 4163 tect.
1298 4111 1335 4164 Μ

188 4196 220 4249 17
239 4200 372 4262 agrestoas
390 4194 419 4247 F
470 4198 501 4249 18
521 4193 675 4261 collegimus
689 4196 725 4248 M
777 4198 807 4249 ro
827 4194 947 4246 misimus
961 4196 998 4248 M
1048 4198 1080 4249 22
1100 4195 1128 4248 in
1147 4194 1294 4264 precordiis
1306 4197 1362 4262 F¹

188 4282 221 4336 23
239 4281 416 4335 conuertenda
439 4284 471 4346 U,
489 4286 707 4334 conuertentcnte
726 4283 752 4335 L
815 4281 872 4349 ant]
891 4285 918 4336 ot
937 4281 973 4335 M
1340 4276 1343 4283 ’
