3036 4770
159 299 201 362 92
488 317 513 371 S.
527 317 661 372 Paulini
679 317 800 372 Nolani
818 317 968 388 episcopi

158 490 217 553 hoc
251 495 300 554 eet
333 491 371 554 de
403 490 585 556 infirmitate
620 494 783 558 carnalis
817 494 992 573 tristitia,
1031 496 1186 558 mortem
1220 510 1302 574 ope-

158 597 269 657 ratur.
309 594 391 675 quod
417 594 491 658 licet
517 599 642 660 auctore
670 597 803 676 diuerso,
830 601 936 661 tamen
963 615 1025 660 unc
1052 616 1107 679 per
1134 600 1301 678 utrumque

159 702 339 762 sanctorum
362 698 410 761 dei
439 699 548 780 spiritu
577 703 607 763 et
634 699 730 765 uerbo
754 701 908 782 scriptura
929 701 1077 775 concinit;
1109 718 1192 764 mors
1216 700 1302 764 enim

158 820 234 865 uera
260 802 388 866 uirtutis
416 803 574 885 adopertio
603 807 659 868 est.
699 823 773 868 nam
801 805 828 869 si
854 805 954 869 uirtus
978 805 1027 869 dei
1054 809 1085 869 et
1107 807 1173 868 uita
1194 808 1303 869 nostra

159 905 302 971 Christus
334 911 392 985 est,
423 925 496 970 uere
523 907 642 971 dietum
672 908 760 972 uides
789 914 923 973 mortem
950 910 1100 973 festinare
1127 910 1185 972 hoe
1215 926 1302 972 mae·
1343 935 1357 974 s

158 1028 237 1090 rore,
261 1030 321 1092 quo
345 1011 444 1075 uirtus
468 1013 625 1095 operiatur
648 1012 794 1078 ethome
817 1017 901 1078 totus
924 1014 1013 1094 quasi
1032 1013 1166 1094 quadarn
1188 1013 1302 1076 inferni

159 1116 307 1198 uoragine
330 1116 374 1179 sic
396 1117 570 1199 grauiore
593 1117 768 1197 tristitia,
790 1122 827 1181 ut
847 1119 1006 1201 apostolus
1030 1119 1083 1197 ait,
1106 1116 1303 1182 absorbea-

160 1224 228 1283 tur.
253 1219 307 1282 sed
330 1219 386 1282 deo
409 1221 536 1303 gratiae,
560 1221 641 1301 quod
664 1222 756 1285 huius
780 1223 813 1285 in
835 1226 866 1286 te
889 1222 1003 1286 laboris
1028 1226 1059 1285 et
1080 1222 1201 1286 timoris
1225 1222 1302 1286 mihi

159 1324 364 1406 conpendium
386 1324 462 1387 facit
484 1325 675 1389 conscientia
696 1326 822 1389 uirtutis
846 1329 878 1390 et
899 1312 1082 1408 pmdentiae
1104 1330 1187 1407 tuae,
1214 1328 1302 1390 cuius

158 1428 275 1512 largius
298 1427 355 1491 tibi
378 1428 485 1492 lumen
514 1433 570 1508 est,
601 1447 696 1511 quam
723 1432 759 1493 ut
780 1431 925 1494 tristitiae
948 1432 1085 1496 tenebris
1107 1433 1207 1515 possit
1230 1449 1303 1514 ope-
1330 1455 1358 1495 ro

159 1533 226 1606 riri;
258 1533 332 1615 quin
355 1532 459 1616 potius
482 1537 537 1596 tua
563 1534 663 1597 uirtus
687 1535 849 1598 tristitiam
875 1536 954 1618 tegit
980 1541 1173 1618 mortemque
1200 1535 1302 1617 ipsam

160 1639 192 1700 et
214 1637 279 1700 uim
302 1638 384 1700 nerii
408 1638 557 1703 maeroris
577 1637 732 1702 absorbet.
757 1657 819 1703 non
839 1639 870 1702 id
889 1640 993 1704 uerbis
1015 1641 1093 1703 meis
1111 1640 1168 1704 tibi
1188 1640 1303 1723 largior

161 1760 261 1822 neque
291 1743 469 1806 coniectura
499 1743 625 1806 uirtutis
656 1747 728 1807 tuae
758 1744 881 1826 loquum
917 1762 1010 1827 opera
1038 1749 1094 1809 tua
1120 1745 1178 1808 hoc
1205 1745 1243 1808 de
1271 1749 1302 1808 te

160 1850 373 1911 contestantur
397 1850 427 1910 et
449 1865 500 1926 me
524 1852 672 1929 conperta
695 1848 780 1929 loqui
803 1853 927 1933 cogunt.

205 1950 255 2014 11.
278 1951 412 2015 Veniam
436 1951 520 2014 enirn
542 1952 607 2015 iam
629 1952 668 2016 ad
689 1953 951 2035 praedicationem
973 1972 1103 2035 operum
1123 1959 1248 2018 tuorum
1272 1956 1304 2016 ct
1331 1976 1357 2016 ra

160 2055 199 2117 ad
226 2056 294 2139 pios
324 2059 412 2120 actus
443 2055 480 2118 de
510 2055 713 2121 lacrimarum
743 2059 908 2122 sanet'tate
938 2058 1088 2122 transibo.
1132 2077 1189 2122 sua
1218 2059 1303 2122 enim

160 2160 271 2240 cuique
293 2160 374 2241 parti
398 2160 502 2223 debita
524 2162 712 2242 persoluisti,
742 2163 887 2226 lacrimas
911 2164 1030 2245 corpori
1053 2163 1198 2242 fundens,
1222 2163 1304 2226 elee-

161 2282 324 2346 mosynam
356 2265 477 2329 animae
508 2265 686 2330 infundens.
725 2286 798 2330 uere
826 2268 967 2332 conscius
995 2269 1135 2332 ueritatis
1163 2271 1195 2331 et
1220 2266 1303 2331 filins

159 2369 251 2450 lueis,
274 2367 328 2432 ubi
350 2373 485 2432 mortem
508 2370 629 2435 sciebas
653 2391 731 2450 esse,
755 2371 883 2447 fleuisti3
907 2374 962 2437 ubi
980 2374 1077 2437 uitam
1097 2374 1206 2451 credis,
1231 2391 1305 2454 ope·

160 2477 246 2538 ratus
270 2493 313 2553 es,
336 2475 443 2538 uacuis
465 2475 581 2555 inania,
609 2476 689 2539 uiuis
712 2476 785 2540 uiua
808 2476 994 2559 dependens.
1028 2477 1133 2559 itaque
1155 2479 1302 2560 patronos
1329 2500 1358 2539 so

161 2579 337 2643 animarum
368 2583 545 2643 nostrarum
574 2597 737 2662 pauperes,
767 2581 822 2663 qui
852 2585 918 2645 tota
944 2582 1044 2646 Roma
1071 2582 1185 2664 stipem
1210 2581 1304 2644 meri·

160 2688 239 2764 tant,
262 2684 494 2748 multitudinem
517 2685 550 2748 in
573 2684 645 2748 aula
667 2685 799 2768 apostoli
822 2686 1026 2770 congregasti.
1064 2686 1192 2769 pulchro
1217 2686 1305 2767 cqui-

266 2846 485 2917 orreorum.
522 2846 659 2918 amcos.
676 2851 698 2912 1,
711 2849 915 2913 acueram
928 2847 1063 2916 eorem).
1099 2846 1303 2917 ancoras

212 3006 224 3059 l
247 3003 360 3058 carnalis
379 2995 419 3058 est
436 3004 555 3059 tristitia.
573 3003 648 3058 Finit
666 3005 779 3074 epistola
797 3005 831 3058 ad
849 3005 1087 3061 Pammachiumo
1151 3005 1262 3059 tristitia
1280 3011 1305 3061 ct

163 3108 231 3161 seqq.
246 3098 311 3160 post
328 3093 412 3146 aerbo
429 3094 558 3161 epistolae
575 3097 610 3147 33
627 3109 751 3162 percusso
770 3092 856 3147 cordis
874 3095 931 3147 aab.
949 3093 971 3147 0
1031 3095 1145 3146 mortem
1166 3093 1303 3162 operatur]

162 3179 261 3248 incipit
278 3179 391 3235 FLPU
439 3181 568 3234 2111111
585 3181 613 3234 P
658 3179 764 3233 diuersa
781 3179 819 3234 L¹
871 3196 919 3248 per
941 3179 992 3249 Oe,
1009 3198 1060 3236 cm.
1078 3187 1124 3236 cet.
1182 3179 1304 3235 duirtus

166 3266 196 3334 U,
224 3265 328 3318 animae
354 3265 463 3319 uirtutis
491 3266 513 3321 0
588 3265 723 3336 adopertio
750 3268 848 3336 anm,
874 3267 991 3335 operatio
1015 3268 1050 3335 F,
1078 3265 1229 3336 adoperatio
1256 3273 1304 3323 cet.

162 3397 322 3464 deperatur
344 3397 371 3452 U
424 3362 533 3464 quidam
551 3397 578 3450 L
640 3395 847 3450 dabsorbcatur
865 3396 920 3463 (tur
937 3397 1016 3465 corr.)
1034 3397 1061 3451 L
1121 3396 1305 3453 {ised—mihi

162 3500 212 3538 om.
227 3485 254 3540 U
313 3482 375 3552 deo]
393 3484 493 3552 incipit
511 3484 548 3538 Μ
596 3483 675 3536 huius
693 3483 721 3537 in
740 3486 766 3536 te
785 3484 884 3539 omM
932 3482 1096 3554 911111ᾗῦ
1151 3487 1182 3540 10
1201 3483 1303 3552 lumen]

164 3586 259 3623 nomen
277 3571 343 3625 LM
391 3570 500 3640 operiri]
519 3571 583 3626 add.
597 3572 634 3626 M
636 3591 644 3625 .·
665 3570 698 3624 ob
718 3587 887 3624 communem
905 3570 1030 3625 uidelicet
1047 3575 1145 3624 sortem
1164 3570 1305 3624 defunctae

163 3655 332 3710 beatissimae
365 3657 485 3726 coniugis
569 3661 598 3714 ll
632 3658 784 3728 tristitiam]
817 3657 916 3727 largior
947 3659 1012 3713 add.
1034 3659 1143 3726 Ubifflct
1224 3658 1304 3727 tegit]

163 3743 350 3812 largiorcdd.
376 3742 638 3815 Oecdm.1csp.
695 3748 727 3802 12
749 3745 801 3799 mei
823 3746 854 3799 F
904 3747 936 3801 14
958 3748 1092 3799 testantur
1116 3747 1144 3801 U
1198 3748 1229 3800 15
1250 3745 1304 3798 iam

164 3849 215 3886 om.
235 3832 273 3886 Μ
335 3833 362 3883 et
379 3829 426 3901 ad]
444 3833 472 3884 et
489 3832 574 3887 FPU
633 3835 666 3887 16
685 3833 803 3885 siccitate
823 3834 859 3886 Μ
874 3832 931 3899 (aad
948 3833 1011 3886 add.
1025 3837 1087 3887 m.1
1107 3834 1135 3885 ad
1154 3831 1304 3899 sanctitate)

166 3921 197 3974 17
210 3917 378 3971 elimosinam
392 3919 452 3985 Po,
465 3917 637 3971 elemosinam
650 3925 697 3974 oct.
747 3923 778 3975 19
792 3917 921 3973 oratusO
967 3921 999 3974 21
1014 3919 1141 3973 romaeL
1194 3918 1304 3987 estipem

168 4004 199 4070 0,
218 4004 285 4073 stipe
303 4005 330 4059 L
392 4005 580 4072 queritantM,
598 4004 785 4061 mendicante
846 4007 881 4060 22
898 4021 1046 4075 pauperum
1064 4008 1127 4074 sort.
1182 4005 1306 4059 multitu-

166 4090 256 4144 dinem
276 4109 326 4147 om.
340 4093 380 4158 Μ,
400 4091 478 4145 multi
496 4095 528 4146 ut
546 4092 586 4161 (tu
606 4094 710 4161 Succb.)
733 4091 808 4145 diues
834 4093 968 4162 011111
992 4093 1084 4149 Soecb.
1139 4093 1306 4161 congregasti

165 4178 279 4247 apostoli
305 4180 333 4235 U
397 4178 490 4246 pulcro
514 4181 549 4248 L,
577 4179 701 4249 pulcrum
727 4182 759 4249 U,
786 4179 929 4248 pulehmm
956 4178 1023 4234 FP'
1091 4179 1198 4247 quidem
1217 4181 1306 4251 FPU,

164 4282 217 4320 om.
231 4266 269 4319 Μ
