3052 4784
570 360 713 430 epistula
731 359 873 422 XXVIIII,
892 377 913 415 e.
927 365 1003 417 6-8.
1296 344 1360 409 253

218 552 277 615 que
305 535 368 612 illa,
399 553 478 616 quae
505 553 632 599 concors
660 536 692 598 in
719 536 830 598 itinere
853 537 961 618 iugum
986 536 1129 600 ueritatis
1152 554 1224 599 cnm
1248 538 1360 600 marito

218 638 373 719 trahebat,
394 640 432 702 ad
452 640 634 722 pariendum
653 640 795 722 eligenda
814 659 869 723 per
890 641 1047 722 angelum,
1069 641 1106 703 de
1127 658 1188 723 quo
1209 641 1359 722 scriptum

218 750 279 806 est:
311 762 394 806 ecce
425 744 570 808 rnittanr
601 746 775 828 angelum
809 749 894 809 ante
924 745 1058 808 t'aciern
1090 749 1205 825 tuam,
1239 744 1360 828 dignior

218 851 250 911 61
274 848 340 911 uiro
364 848 524 912 sacerdote
547 853 578 911 61
600 848 663 912 tilio
682 851 840 932 prophetis
861 850 1064 932 praeterendo
1088 850 1241 929 existeret,
1264 866 1359 931 quarn

178 980 191 1018 s
218 952 333 1015 diuinis
357 953 499 1016 idoneam
524 952 648 1016 dotibus
672 972 732 1017 non
757 954 859 1018 solnm
886 954 952 1017 nita
975 953 1112 1017 institiae
1136 953 1190 1016 sed
1214 956 1245 1016 et
1268 953 1360 1017 farni-

217 1057 277 1119 liae
300 1057 517 1139 praerogatiua
539 1058 674 1121 fecisset.
707 1059 760 1121 sed
785 1062 815 1121 et
838 1057 935 1139 ipsius
959 1058 1077 1121 domini
1105 1062 1207 1122 ortunr
1236 1061 1360 1139 praeter·

217 1160 306 1223 illum
330 1179 348 1223 a
371 1162 456 1225 tonte
479 1161 585 1226 diuino
608 1161 758 1227 fluentem
782 1164 876 1225 etiam
900 1162 1007 1241 istum,
1034 1180 1095 1244 quo
1119 1162 1200 1226 filius
1224 1161 1358 1225 hominis

218 1282 286 1327 esse
309 1265 454 1347 dignatus
478 1269 536 1344 est,
560 1267 771 1350 euangelistae
788 1267 847 1329 duo
867 1267 1040 1330 numeratis
1061 1266 1100 1330 ab
1124 1266 1211 1330 initio
1235 1265 1359 1329 maiori·

218 1369 276 1431 bus
305 1369 476 1448 ordiuntur,
510 1370 667 1434 diuersam
695 1375 827 1452 utroque
855 1371 1005 1451 scriptore
1034 1370 1172 1453 corporei
1196 1369 1359 1453 sanguinis

165 1503 190 1540 ro
217 1491 333 1537 uenam
355 1474 423 1555 pari
446 1473 506 1537 tide
534 1478 566 1538 et
588 1474 740 1557 dignitate
767 1476 932 1554 referente,
963 1474 1036 1556 quia
1058 1474 1187 1557 dignum
1217 1479 1293 1553 erat,
1324 1476 1360 1537 ut

218 1577 396 1659 unigenitus
420 1577 468 1640 dei
493 1582 524 1641 ct
547 1579 773 1662 primogenitus
796 1580 892 1643 totius
920 1582 1079 1642 creaturae
1102 1582 1196 1661 atque
1219 1578 1358 1642 uniuersi

218 1681 355 1762 corporis
386 1688 480 1764 caput
511 1683 607 1746 etiarn
634 1684 665 1747 in
693 1684 815 1767 generis
844 1685 981 1765 corporei
1008 1683 1160 1767 dignitate
1187 1684 1358 1766 primatum

217 1790 349 1866 teneret,
372 1790 409 1851 ut
431 1806 511 1850 unus
534 1789 567 1851 in
591 1789 675 1852 caelo
691 1789 739 1852 dei
755 1788 838 1852 filius
858 1794 931 1852 ante
951 1789 1077 1852 saecula
1095 1787 1243 1852 ineffabili
1267 1791 1358 1852 natus

218 1891 340 1954 exordio
364 1892 457 1954 etiam
482 1893 513 1956 in
538 1893 629 1956 terrIs
653 1893 834 1957 inlustrium
858 1893 1019 1956 titulorum
1046 1893 1107 1957 siti
1130 1893 1234 1974 apices
1257 1892 1359 1976 1111111-Ι

166 2022 190 2060 15
218 1999 313 2074 caret,
336 2015 445 2079 regum
466 1997 581 2077 pariter
606 2002 636 2061 et
660 1998 867 2077 sacerdotum,
892 2001 926 2060 ut
948 1998 1008 2062 duo
1029 2000 1186 2061 testantur
1205 2001 1359 2076 auctores,

218 2099 302 2162 clara
336 2102 510 2184 progenies.
560 2102 765 2183 quamobrem
805 2121 867 2166 non
907 2102 1082 2165 uidebimur·
1121 2102 1223 2165 aliena
1256 2101 1360 2183 potius

217 2221 312 2284 quam
336 2209 443 2268 nostra
466 2206 511 2269 uti
534 2207 643 2289 regula
661 2211 817 2271 terrenam
834 2225 956 2288 quoque
976 2206 1172 2270 nobilitatem
1195 2207 1227 2269 in
1250 2222 1359 2289 supra-

218 2307 299 2371 dicta
322 2309 369 2372 dci
393 2310 512 2373 famula
534 2311 760 2392 praedicantes,
791 2313 864 2393 quia
886 2313 1085 2394 perspicuum
1114 2311 1156 2374 sit
1182 2310 1212 2373 id
1236 2327 1359 2392 quoque

218 2412 257 2474 ad
288 2413 389 2494 operis
421 2415 469 2477 sui
496 2415 626 2497 gloriam
656 2416 817 2480 dominum
849 2417 1032 2495 contulisse,
1064 2433 1124 2497 quo
1155 2415 1255 2498 magis
1286 2432 1359 2478 con·

164 2544 190 2583 ao
217 2516 402 2580 tunderetur
428 2519 486 2581 iste
514 2520 660 2599 munduS,
691 2521 743 2602 qui
770 2520 888 2583 talibus
916 2520 1014 2584 titulIs
1043 2519 1205 2603 gloriatur,
1237 2522 1271 2581 ut
1298 2535 1358 2599 quo

217 2621 341 2685 uanitas
368 2621 531 2685 hominurn
562 2624 600 2687 ad
631 2627 846 2705 contemptum
874 2624 923 2687 dei
954 2625 1061 2703 utitur,
1095 2625 1155 2686 ista
1184 2623 1288 2705 potius
1320 2621 1359 2684 ad

217 2730 432 2809 contemptum
456 2727 565 2790 mundi
588 2731 737 2808 uteretur,
761 2728 855 2792 simul
878 2733 915 2792 ut
938 2729 1034 2792 maior
1058 2727 1204 2791 salutaris
1225 2726 1359 2808 exempli

216 2831 397 2912 proderetur
427 2833 596 2895 auotorItas
627 2832 827 2897 humiliandis
861 2832 1067 2916 superborum
1098 2832 1211 2912 oculis,
1246 2831 1359 2895 mulier

216 2935 346 2999 celsiore
365 2937 464 3019 gradu
485 2937 524 3000 ad
543 2937 731 3001 humilitatis
747 2938 867 3001 cultum
887 2937 927 3002 ob
948 2955 1086 3002 amorem
1103 2934 1219 3001 Christi
1238 2936 1359 2999 deiecta

163 3064 190 3104 rs
217 3040 404 3120 sublimiter,
435 3046 470 3105 nt
499 3043 583 3105 uiros
614 3041 736 3105 desides
767 3043 799 3106 in
829 3042 954 3106 infirmo
984 3061 1059 3106 seru
1088 3041 1177 3105 fortis
1205 3043 1358 3123 argueret,

217 3145 402 3228 adrogantes
425 3146 457 3209 in
481 3165 556 3209 sexu
575 3150 706 3227 utroque
727 3164 875 3229 personas
895 3150 1066 3229 pauperata
1085 3145 1173 3209 diues
1194 3149 1226 3209 11
1245 3143 1358 3209 nobilis

216 3249 383 3313 humiliata
405 3251 620 3314 confunderet.

260 3351 290 3416 8.
312 3353 413 3438 Igitur
436 3355 619 3419 Marcellino
643 3355 770 3418 consule
794 3373 852 3419 auo
869 3355 906 3418 de
927 3354 1047 3419 ambitu
1064 3354 1188 3438 generis
1209 3356 1240 3417 et
1262 3371 1357 3437 opum

215 3458 290 3521 luxu
313 3457 346 3521 in
365 3459 481 3522 teneris
505 3460 607 3523 adhuc
629 3459 718 3522 annis
743 3459 869 3542 nuptias
889 3477 984 3541 passa
1006 3463 1037 3522 et
1056 3458 1145 3523 breui
1167 3462 1279 3539 mater,
1303 3457 1358 3522 sed

320 3676 349 3745 3]
367 3675 460 3730 Malae.
474 3679 499 3740 3,
514 3680 541 3739 l;
565 3676 660 3730 Matth.
681 3680 720 3740 ll,
737 3679 765 3737 9;
788 3675 870 3729 Marc.
885 3678 908 3738 1,
922 3678 938 3730 2
945 3696 951 3738 ;
975 3675 1038 3729 Luc.
1053 3678 1076 3738 7,
1090 3678 1131 3731 26.
1203 3675 1230 3743 8]
1250 3675 1356 3742 (Matth.

218 3766 241 3828 l,
257 3767 284 3827 13
302 3763 360 3818 Iolr.
376 3767 398 3828 l,
414 3766 447 3832 l).
504 3763 548 3832 15]
567 3764 674 3846 (Matth.
690 3767 712 3827 1,
728 3767 754 3826 l;
774 3764 837 3817 Luc.
852 3766 876 3826 3,
889 3764 942 3831 23).
995 3763 1042 3832 23]
1061 3763 1115 3831 (Ps.
1131 3765 1170 3825 17,
1183 3762 1234 3829 28).

261 3968 384 4021 lconoor
401 3967 428 4021 U
477 3965 504 4017 in
522 3964 695 4032 Occurrat.
750 3962 903 4031 3angelum
917 3979 1007 4016 meum
1020 3963 1084 4017 ΒΜ
1132 3960 1361 4031 4prolerendoU

216 4054 232 4107 9
250 4052 375 4120 utroque]
395 4068 497 4120 quoque
516 4052 547 4105 F
598 4055 630 4107 10
650 4051 890 4116 161116116111111,
910 4049 1055 4104 relerentes
1074 4069 1095 4101 ω
1112 4053 1230 4118 fortusse
1246 4055 1316 4105 recte
1331 4051 1358 4105 ei

214 4156 331 4209 reponas
358 4139 465 4206 utrique
492 4139 633 4206 scriptores
706 4141 736 4192 12
766 4137 926 4205 d1gnitatem
959 4137 985 4192 U
1059 4139 1090 4192 16
1115 4152 1169 4189 non
1191 4154 1242 4192 om.
1260 4135 1362 4192 FP'U

218 4229 250 4283 18
268 4227 330 4294 quia
348 4245 377 4294 ω,
396 4241 483 4294 quac
536 4228 568 4281 19
592 4225 625 4278 ad
645 4242 678 4280 ec
695 4227 723 4278 et
740 4225 767 4278 P
784 4229 849 4278 aa2
902 4223 1140 4277 confundereretur
1158 4222 1189 4278 F
1238 4224 1273 4279 20
1291 4221 1354 4291 iste]

215 4312 259 4367 hic
277 4315 340 4368 LM
390 4316 424 4368 22
442 4312 560 4382 exemplo
580 4312 663 4368 FPU
712 4313 746 4366 23
764 4310 954 4380 produceretur
972 4311 1002 4366 F
1051 4312 1085 4366 29
1104 4309 1148 4363 sed
1167 4328 1219 4366 om.
1239 4311 1277 4365 M
