3036 4770
504 1000 953 1102 PRAEFATIO.

719 1443 748 1516 I.

210 1638 342 1749 Integra
372 1666 573 1750 epistularum
605 1666 839 1747 carminumque
868 1666 992 1730 Paulini
1017 1667 1130 1731 Nolani
1160 1668 1298 1732 collectio

165 1788 242 1832 uum
266 1769 388 1851 quando
412 1769 566 1834 exstiterit
587 1770 722 1833 maxime
744 1768 873 1833 dubium
897 1775 952 1834 est.
984 1770 1073 1834 hodie
1097 1774 1179 1835 certe
1199 1790 1298 1853 neque

165 1873 249 1937 ullus
277 1873 371 1937 codor
398 1873 559 1956 utriusque
582 1874 705 1956 generis
733 1891 826 1957 opera
852 1874 956 1938 omnia
983 1875 1033 1938 uel
1055 1876 1202 1957 pleraque
1225 1893 1298 1938 con·

166 1977 247 2040 tinet
269 1981 301 2041 et
322 1978 375 2059 qui
395 1977 546 2041 maiorem
569 1977 774 2059 epistularum
796 1981 918 2059 partem
942 1979 1187 2061 complectantur
1209 1978 1298 2060 pauci

166 2080 289 2144 adsunt.
329 2081 480 2165 epistulae
503 2084 610 2144 tamen
637 2098 707 2144 mor
733 2085 805 2163 post
827 2081 950 2145 Paulini
973 2086 1105 2146 mortem
1128 2082 1167 2146 ab
1191 2083 1297 2146 amicis

166 2183 313 2248 collectae
341 2184 437 2248 fuisse
466 2185 621 2265 uidentur,
649 2186 723 2248 dum
751 2186 899 2266 carmina,
930 2187 957 2249 si
984 2204 1062 2268 quae
1090 2186 1122 2250 in
1149 2187 1297 2251 honorem

166 2286 334 2353 88611616
362 2289 536 2371 conscripta
563 2292 637 2352 sunt
667 2290 831 2370 exceperis
862 2290 977 2373 partim
1008 2290 1141 2354 Ausonii
1172 2291 1298 2373 syllogis

165 2393 280 2473 partim
312 2392 450 2474 dispersa
478 2393 653 2457 traduntur.
699 2411 760 2474 qua
790 2393 827 2456 de
857 2411 952 2457 causa
978 2412 1057 2475 quae
1085 2395 1123 2458 ad
1151 2395 1298 2477 epistulas

167 2513 336 2576 earumque
355 2496 421 2560 lata
443 2497 601 2580 pertinent
623 2514 763 2560 seorsum
785 2515 803 2559 a
823 2497 1012 2562 carminibus
1032 2498 1090 2562 hac
1108 2499 1298 2582 praefatione

166 2603 301 2663 tractare
323 2600 403 2663 licet.

210 2702 315 2785 Atque
337 2705 520 2787 plenissima
542 2706 595 2770 illa
618 2704 821 2787 epistularum
848 2706 987 2770 collectio
1010 2707 1055 2770 ita
1075 2707 1219 2770 instituta
1241 2709 1298 2786 est,

167 2811 203 2871 ut
225 2809 375 2890 epistulae

211 2911 318 2976 decem
342 2912 380 2977 ad
403 2911 552 2979 Seuerum
576 2912 620 2997 (ὃ,
631 2911 683 2994 24,
696 2912 748 2994 23,
764 2915 812 2993 ll,
828 2913 855 2994 1,
868 2912 920 2994 22,
933 2913 984 2993 30,
998 2912 1049 2995 28,
1060 2912 1112 2994 29,
1124 2913 1191 2997 31),

211 3017 347 3098 quinque
370 3017 410 3081 ad
431 3017 624 3100 Delphinum
647 3017 713 3100 (10,
726 3016 778 3098 20,
793 3016 843 3099 19,
859 3017 907 3099 14,
920 3017 986 3102 31)),

212 3138 264 3184 sex
286 3121 325 3185 ad
348 3121 529 3185 Amandum
553 3119 619 3203 (36,
635 3119 684 3202 12,
696 3119 726 3202 9,
738 3119 770 3202 2,
782 3119 834 3202 21,
849 3121 912 3204 15),

212 3223 355 3288 undecim
371 3224 409 3289 ad
425 3225 563 3289 diuersos
587 3223 654 3307 (37,
671 3223 719 3305 18,
732 3222 784 3306 38,
797 3223 849 3306 39,
862 3224 913 3304 44,
926 3223 978 3306 42,
991 3224 1033 3289 33
1055 3243 1126 3289 cum
1147 3226 1299 3307 epistulae

256 3327 296 3392 13
323 3328 422 3393 altera
440 3331 539 3413 parte,
562 3327 614 3409 34,
626 3327 678 3410 43,
691 3326 743 3409 32,
759 3327 798 3392 16
823 3348 893 3393 curn
918 3331 1054 3394 carmine
1077 3327 1212 3394 22111116
1236 3331 1300 3413 epi-

256 3433 356 3496 stolae
379 3432 511 3516 adnexo)

168 3537 200 3601 in
222 3554 291 3600 earn
310 3538 530 3621 reciperentur.
562 3537 765 3621 epistularum
786 3537 904 3601 codices
921 3555 997 3619 quos
1013 3538 1151 3602 inuenire
1172 3539 1302 3622 contigit

168 3640 327 3705 uberiores
355 3660 391 3705 61
418 3640 476 3705 hoc
503 3659 629 3724 corpore
656 3640 782 3705 duriose
810 3641 884 3707 ordo
914 3642 945 3705 in
978 3641 1021 3705 eis
1052 3645 1194 3706 seruatus
1224 3642 1301 3706 satis

168 3745 311 3827 spondet,
334 3763 434 3826 neque
456 3745 634 3808 mirandum
658 3750 716 3825 est,
740 3762 800 3827 quo
823 3745 1002 3810 recentioris
1025 3746 1135 3810 astatis
1158 3749 1241 3825 sunt,
1265 3764 1300 3809 eo

168 3849 270 3932 magis
292 3849 458 3931 pristinum
481 3848 621 3914 ordinem
650 3849 789 3913 addendo
817 3848 986 3914 omittendo
1013 3850 1242 3932 transponendo
1269 3850 1299 3912 in

168 3952 215 4016 eis
234 3952 395 4017 turbatum
415 3957 480 4033 aot,
504 3954 529 4016 si
549 3954 661 4033 mauis,
684 3956 855 4017 correctum
877 3971 953 4016 esse.
986 3971 1055 4017 cum
1076 3953 1160 4016 enim
1179 3957 1302 4034 praetor

168 4057 256 4121 illam
272 4057 432 4139 antiquam
448 4057 660 4121 collectionem
676 4057 799 4120 litterae
815 4057 981 4120 nonnullae
997 4058 1036 4119 ad
1047 4055 1077 4120 S.
1089 4055 1301 4138 August-inum

170 4161 222 4225 nel
237 4160 313 4225 alios
329 4160 462 4244 scriptae
478 4160 646 4244 Augustini
663 4160 750 4225 libris
770 4161 819 4224 uel
837 4160 929 4224 etiam
947 4160 1080 4242 sparsim
1096 4160 1301 4239 traderentur,
