3036 4770
565 326 996 395 emmfflmmmaa
1168 285 1178 304 ’
1295 310 1356 377 lm

212 502 317 565 anima
333 505 364 565 et
378 503 544 584 inplicatur
560 506 593 566 et
605 504 765 583 premitur.
788 503 870 584 quod
886 503 978 585 plene
993 503 1106 586 probat
1121 505 1282 587 propheta,
1300 505 1356 586 qui

211 606 299 670 dieit:
338 611 660 689 superposuerunt
694 608 917 688 iniquitates
952 626 1053 671 meae
1084 612 1194 691 eaput
1223 628 1356 689 meum,

212 711 309 775 sieut
331 730 423 775 onus
445 731 558 795 graue
581 716 761 795 grauatae
785 716 874 775 sunt
897 731 1011 795 super
1034 731 1098 776 me.

254 814 305 878 21.
331 816 425 879 Vides
448 834 543 896 qnam
571 835 684 900 graues
707 815 822 879 habeat
844 820 987 897 peccator
1010 834 1124 880 eomas.
1150 821 1183 881 at
1202 818 1251 881 eui
1267 835 1357 882 coma

171 948 183 985 r
212 919 353 984 Christus
377 924 425 984 est
446 921 526 984 leuis
550 925 581 984 et
603 921 729 984 uolueer
752 921 870 985 exultat
893 921 1012 985 dioeus:
1036 922 1142 1000 deus,
1166 923 1228 1002 qui
1251 940 1356 1005 prae-

210 1025 329 1107 cingit
350 1044 405 1089 me
429 1026 568 1090 uirtute
595 1030 632 1088 et
653 1025 781 1107 posuit
806 1026 1075 1090 inmaculatam
1097 1027 1196 1089 uiam
1221 1043 1354 1106 meam,

210 1130 271 1210 qui
298 1129 459 1209 perfecit
484 1130 596 1211 pedes
626 1146 726 1192 meos
755 1133 941 1210 tamquam
969 1131 1070 1194 oerui
1099 1134 1134 1193 et
1162 1149 1272 1211 super
1299 1149 1355 1194 er-

210 1234 309 1296 eolsa
332 1233 469 1296 statuit
492 1252 556 1296 me.
580 1235 688 1315 iugum
712 1234 805 1319 enim,
830 1237 865 1296 ut
888 1233 960 1311 (liri,
984 1236 1016 1297 et
1031 1251 1120 1298 ooma
1137 1233 1252 1298 Christi
1268 1235 1347 1298 leuis
1404 1285 1409 1297 .

210 1341 268 1416 est,
292 1337 365 1418 quia
387 1337 559 1400 seruientes
581 1335 705 1401 Christo
728 1355 894 1419 operamur
916 1337 1008 1417 bona,
1032 1338 1144 1419 quibus
1168 1339 1295 1420 pennati
1318 1338 1350 1402 in

160 1471 184 1509 ιο
210 1442 275 1505 alta
297 1441 506 1523 prouehimur.
540 1442 622 1504 unde
647 1443 741 1505 etiam
764 1442 797 1504 in
820 1460 913 1505 carne
936 1443 1045 1524 positis
1070 1440 1255 1507 Christianis
1278 1461 1353 1525 apo·

212 1546 312 1609 stolus
340 1546 426 1609 dioit:
459 1563 524 1609 uos
553 1548 676 1609 autem
707 1547 779 1608 iam
807 1564 877 1608 non
906 1547 997 1608 estis
1025 1547 1062 1609 iu
1090 1565 1199 1610 earne
1228 1547 1290 1610 sed
1318 1548 1353 1610 in

212 1650 357 1731 spiritu.
401 1649 542 1713 subiecta
569 1651 652 1712 euim
680 1649 822 1713 subditae
850 1649 907 1713 deo
935 1650 1058 1713 animae
1087 1669 1157 1714 earo
1185 1652 1296 1714 transit
1322 1652 1353 1714 in

211 1753 356 1835 spiritum
383 1772 444 1818 noo
473 1753 667 1817 substantiae
697 1754 940 1817 commutatione
971 1755 1025 1817 sed
1053 1756 1144 1818 uitae.
1184 1755 1291 1836 itaque
1323 1760 1354 1818 et

211 1862 343 1921 mortem
367 1859 443 1922 mihi
465 1857 574 1922 Samso
602 1863 634 1921 et
661 1860 843 1923 caecitatem
871 1860 952 1938 uolo,
984 1864 1019 1922 ut
1041 1860 1150 1922 uiuam
1176 1865 1208 1922 et
1230 1858 1353 1923 uideam

164 1992 186 2029 re
212 1964 277 2026 deo.
316 1981 389 2025 nam
424 1962 555 2026 forsitan
590 1963 642 2026 ille
672 1963 805 2045 receptis
836 1966 961 2045 propter
992 1964 1132 2027 futurum
1167 1964 1353 2045 mysterium

211 2068 242 2130 in
266 2085 356 2132 eoma
378 2067 497 2131 uiribus
519 2068 656 2149 resipere
684 2067 787 2146 simul,
818 2072 853 2130 ut
876 2068 1035 2146 amiserat,
1067 2068 1171 2131 oculos
1194 2068 1263 2131 ideo
1291 2086 1353 2130 non

213 2171 410 2251 desiderauit,
427 2173 499 2253 quia
511 2173 610 2235 uirtus
623 2172 678 2235 illa
693 2172 836 2235 caelestis
852 2172 970 2254 gratiae
987 2173 1117 2235 internis
1135 2188 1212 2235 sana
1226 2171 1354 2235 lumini·
1421 2210 1424 2216 «

213 2275 270 2340 bus
294 2295 439 2359 corporeo
463 2295 523 2340 non
549 2275 661 2359 egebat
683 2276 804 2340 obtutu.

256 2378 305 2442 22.
330 2381 399 2443 Hoe
421 2381 517 2463 igitur
540 2381 680 2462 exemplo
705 2390 735 2442 et
758 2398 814 2443 nos
838 2381 992 2444 contentis
1016 2381 1054 2443 ad
1075 2381 1235 2444 dominum
1253 2381 1353 2444 sensi-

165 2511 187 2550 eo
213 2484 271 2548 bus
301 2486 442 2548 carnales
476 2485 581 2549 oeulos
615 2485 820 2548 saecularium
852 2503 956 2547 rerum
988 2486 1148 2548 auersione
1179 2503 1352 2564 caecemus

213 2589 325 2670 quibus
345 2588 447 2653 orbari
467 2589 618 2671 propheta
641 2588 847 2666 desiderabat,
872 2607 943 2651 eum
968 2589 1096 2652 diceret:
1122 2593 1249 2652 auerte
1273 2607 1353 2653 ocu-

212 2694 267 2757 los
295 2711 409 2771 meos
437 2713 480 2756 ne
508 2694 661 2756 uideant
693 2693 908 2756 uanitatem.
944 2697 975 2755 et
999 2692 1142 2755 dominus
1166 2693 1232 2775 ipse
1256 2693 1352 2757 oeulis

212 2798 398 2862 Iudaeorum
421 2799 601 2861 caecitatem
618 2798 797 2880 praeferens
819 2797 909 2860 dioit:
934 2798 965 2860 si
981 2798 1081 2860 saeui
1098 2799 1250 2877 essetis,
1273 2816 1352 2880 pee-

213 2906 335 2967 eatum
366 2920 436 2965 non
468 2901 668 2965 haberetis.
715 2902 952 2964 reminiscamur
981 2919 1042 2982 qua
1069 2901 1203 2982 pernicie
1230 2902 1293 2965 illis
1320 2903 1352 2964 in

165 3030 189 3071 es
214 3007 355 3089 paradiso
380 3007 460 3069 oeuli
483 3006 545 3068 sint
568 3006 676 3087 aperti,
702 3023 779 3085 quos
804 3005 923 3068 tamdiu
948 3005 1125 3076 habuerunt
1149 3006 1352 3070 inluminatos

213 3113 280 3190 deo,
295 3111 443 3191 quamdiu
459 3111 580 3173 olausos
597 3109 732 3173 habuere
749 3114 884 3190 peceato.
910 3128 982 3172 nam
999 3113 1066 3173 turn
1084 3109 1210 3174 demum
1226 3110 1352 3191 puberis

213 3216 324 3279 aetatis
341 3232 415 3278 suae
432 3215 605 3277 hauserunt
623 3214 784 3295 pudorem,
813 3232 884 3276 eum
909 3212 1007 3277 bonae
1031 3215 1237 3277 eonscientiae
1261 3216 1353 3278 easti-

213 3325 322 3397 tatem,
346 3320 433 3381 euius
457 3320 574 3382 lumine
599 3317 823 3396 uestiebautur,
847 3319 1120 3400 praeuaricationis
1139 3319 1267 3382 crimine
1283 3338 1352 3400 per-

212 3424 366 3487 diderunt.
392 3428 423 3486 et
443 3423 510 3485 ideo
531 3423 597 3485 ueri
613 3423 742 3485 luminis
759 3422 907 3484 damnum
925 3427 973 3486 est
989 3423 1027 3486 ad
1043 3441 1135 3485 usum
1152 3423 1351 3487 tenebrarum
1421 3420 1423 3425 ’

315 3597 498 3665 2]Ps.37‚5.
553 3596 580 3663 5]
599 3588 642 3648 iss.
659 3598 698 3656 17,
712 3597 753 3649 33.
807 3595 835 3662 8]
855 3594 961 3658 (matth.
977 3596 1082 3661 11,30).
1138 3594 1181 3662 ll]
1200 3594 1276 3647 Rom.
1290 3597 1313 3650 8.
1327 3596 1351 3647 9.

213 3685 258 3752 ar]
278 3684 320 3737 rs.
336 3687 393 3741 rra.
407 3685 448 3737 er.
502 3682 547 3750 aa]
567 3681 623 3735 ron.
637 3685 661 3743 e,
674 3685 715 3736 41.
771 3681 816 3749 25]
836 3680 912 3747 (Gen.
927 3683 951 3743 3,
965 3682 998 3747 r).

258 3838 366 3908 lplene
390 3843 418 3903 0,
438 3838 505 3891 bone
524 3840 558 3905 L,
578 3837 643 3891 bene
663 3845 707 3892 oet.
780 3840 1012 3905 ‘dsupposuerunt
1030 3838 1066 3891 M
1133 3853 1205 3889 meas
1224 3835 1352 3891 FOPUn

213 3927 332 3981 3honue
352 3927 409 3981 PU
469 3926 544 3994 dat]
563 3929 609 3978 aut
627 3926 653 3979 L
719 3924 932 3993 5praecimrita·
999 3926 1029 3978 14
1048 3928 1134 3977 morte
1153 3925 1189 3977 Μ
1252 3926 1283 3977 15
1302 3921 1350 3976 deo

213 4014 307 4068 omF
357 4012 413 4079 ille]
433 4011 557 4065 nihilille
574 4013 616 4067 On
670 4012 827 4080 mysterium
846 4011 947 4066 ontM
998 4012 1029 4065 16
1042 4010 1101 4063 ideo
1114 4012 1214 4065 ooaM
1266 4010 1350 4066 19111-

214 4100 293 4154 tent-is
307 4101 344 4154 M
393 4099 473 4152 deum
485 4099 569 4155 FPU
620 4102 650 4154 21
666 4099 762 4166 quibur
779 4100 804 4153 U
853 4101 887 4152 26
899 4096 1005 4165 puberis
1019 4097 1113 4150 aetatis
1131 4098 1236 4166 scripsi,
1255 4096 1350 4166 puber·

213 4187 275 4240 tatia
298 4192 329 4241 ut
352 4187 446 4243 astutis
470 4187 519 4251 Oe,
543 4186 638 4238 aetatis
657 4187 746 4249 FPU,
769 4185 899 4238 nuditatis
918 4185 985 4246 LM,
1010 4183 1158 4252 pubertatis
1177 4190 1203 4237 et
1221 4184 1351 4237 nuditatis

212 4272 299 4329 Roew.
354 4273 478 4325 scientiae
496 4273 526 4325 F

1147 4360 1194 4408 1⁸2*
