3036 4770
157 299 202 364 36
491 316 517 370 S.
530 314 664 370 Paulini
681 315 800 370 Nolani
817 316 966 386 episcopi

159 495 281 557 tacere
308 491 516 572 nobiscum,
546 504 579 555 et
604 493 636 555 in
664 491 856 556 abundantia
881 493 1018 556 laetitiae
1039 496 1163 554 uostm
1185 489 1299 553 bone-

158 597 323 660 dicemus
350 614 415 660 uos
442 597 484 660 dc
512 597 623 659 domo
644 597 799 676 domini,
822 598 896 678 quia
922 595 1111 660 benedicti
1139 611 1207 657 uos
1236 593 1298 657 do-

159 702 272 780 mino,
306 703 367 782 qui
398 702 558 764 uenistis
590 702 625 763 in
659 702 805 765 nomine
835 701 983 765 domini.
1013 700 1166 763 calicem
1197 698 1300 761 salu·

158 809 252 868 raris
282 805 480 888 accipiatis
510 814 547 867 ct
574 805 696 868 edatis
726 824 858 889 panem
890 804 1084 868 beatorum
1114 804 1151 866 in
1179 820 1298 886 regno

157 909 231 973 dei:
264 928 321 972 uos
354 910 438 973 enim
468 909 545 972 estis
575 926 681 973 coram
710 910 836 974 domino
864 909 937 973 Iesu
967 909 1095 972 satietas
1124 912 1232 971 nostra
1263 910 1298 970 et
1338 934 1354 974 s

157 1014 316 1096 gaudium

203 1116 252 1179 l't'.
281 1116 372 1180 Ande
402 1117 497 1199 igitur
528 1136 690 1200 erumpere
716 1137 778 1182 non
807 1119 869 1182 tuis
895 1116 1007 1201 opibus
1033 1120 1066 1180 et
1091 1115 1212 1180 uiribus
1239 1116 1298 1179 sed

158 1222 256 1284 fretus
272 1230 302 1284 et
319 1222 409 1283 nixus
425 1221 457 1283 in
474 1219 606 1300 Christo,
630 1223 703 1304 quia
724 1223 832 1306 uirga
854 1224 933 1285 eius
953 1230 989 1284 et
1004 1219 1161 1284 baculus
1176 1220 1298 1302 ipsius

158 1344 223 1389 nos
238 1326 455 1388 consolatur
470 1334 500 1388 et
516 1327 649 1390 sustinet
665 1334 695 1391 et
712 1327 877 1411 gubernat.
900 1326 953 1408 qui
968 1334 1071 1407 portat
1086 1324 1298 1407 aegrimonias

159 1442 281 1492 nostras
311 1440 341 1492 et
371 1429 570 1493 infirmitates
600 1442 723 1495 nostras
753 1432 908 1514 suscepit,
938 1430 992 1494 dat
1020 1430 1104 1493 tasso
1133 1429 1298 1509 uirtutem,
1327 1459 1355 1496 ιο

158 1534 311 1596 confortat
340 1552 443 1616 genua
472 1533 601 1613 debilia,
635 1536 701 1618 ipse
731 1540 872 1599 statuet
903 1541 938 1598 et
968 1533 1235 1597 inmaculatam
1265 1537 1300 1597 et

158 1637 344 1700 inoffensam
375 1638 472 1701 uiam
504 1644 618 1702 tuam:
652 1640 870 1722 praecinget
901 1648 937 1702 te
967 1639 1123 1716 uirtute,
1153 1642 1188 1701 et
1217 1655 1299 1718 per·

159 1741 265 1803 ficiet
277 1742 389 1824 pedes
404 1754 487 1806 tuos
503 1752 691 1825 tamquam
707 1745 823 1822 cerui,
838 1750 876 1806 ut
892 1743 1036 1806 exultes
1051 1742 1150 1805 sicut
1164 1743 1298 1824 gigans

158 1845 202 1908 ad
228 1846 447 1910 currendam
474 1849 571 1910 uiam
602 1867 659 1912 nec
689 1848 827 1931 inpedire
850 1852 881 1911 te
903 1848 1002 1929 possit
1032 1845 1172 1929 trepidae
1193 1846 1299 1910 carnis

159 1950 336 2029 infirmitas,
358 1952 412 2032 qui
434 1969 496 2014 non
519 1970 612 2016 carne
635 1953 689 2016 sed
712 1954 823 2035 spiritu
845 1951 974 2015 incedis.
1015 1951 1189 2015 seruientes
1210 1950 1299 2014 enim
1328 1979 1355 2018 ιε

159 2053 281 2118 Christo
303 2056 440 2137 corporis
468 2057 604 2135 semitio,
634 2058 729 2119 animi
759 2057 890 2138 imperio
917 2057 1017 2138 magis
1045 2055 1172 2118 utimur.
1202 2058 1298 2136 atque

159 2158 228 2221 ideo
254 2159 449 2223 uoluntatem
477 2165 617 2223 nostram
641 2160 764 2225 Christo
793 2167 918 2223 anctore
945 2160 1096 2223 directam
1117 2176 1190 2222 caro
1211 2159 1300 2222 iussa

158 2264 326 2326 comitatur
352 2264 510 2346 trahitque
536 2284 649 2348 corpus
676 2265 715 2329 ab
740 2266 836 2328 animi
858 2265 1039 2330 tortitudine
1061 2263 1241 2328 firmitatem
1264 2268 1300 2327 ct

158 2367 197 2429 ad
228 2367 346 2430 domini
375 2367 518 2431 habitum
549 2371 685 2433 tantulus
717 2371 862 2452 conponit
894 2368 1089 2450 obsequium.
1129 2374 1222 2448 atque
1252 2368 1299 2431 ita

158 2471 279 2534 uirtus
313 2473 348 2534 in
383 2473 608 2537 infirmitate
642 2475 857 2556 perficitur,
895 2474 970 2536 dum
1003 2458 1119 2536 anima
1140 2491 1298 2536 consensu
1325 2498 1354 2538 ao

158 2575 260 2637 carnis
287 2576 441 2639 edomitae
471 2577 528 2640 deo
558 2579 698 2641 seruiens
724 2598 780 2661 per
800 2578 993 2643 infirmitatis
1014 2577 1225 2642 ministerium
1248 2577 1298 2641 in·

158 2679 222 2762 plet
244 2679 347 2743 officia
368 2682 502 2744 uirtutis.

204 2781 253 2845 18.
276 2784 434 2848 Intende
457 2786 552 2868 igitur
575 2794 605 2850 et
628 2805 807 2870 prospere
829 2786 1001 2869 procede,
1023 2792 1058 2849 et
1081 2785 1237 2848 deducet
1261 2790 1297 2849 te

158 2886 384 2951 mirabiliter
405 2888 556 2953 dextera
570 2890 637 2953 dei.
662 2892 921 2954 misericordia
936 2891 1017 2953 eius
1032 2895 1063 2952 et
1079 2891 1179 2972 gratia
1194 2908 1298 2972 prae·

159 2991 264 3053 ibunt
288 2992 422 3055 faciem
446 2997 561 3073 tuam,
584 3001 614 3057 et
638 2996 664 3057 si
684 2996 825 3059 intirmus
849 2996 941 3058 donno
963 2994 1105 3076 prodeas,
1126 2991 1222 3056 robur
1242 2994 1298 3058 ad·
1326 3022 1354 3060 as

159 3096 262 3175 quires
278 3097 388 3159 eundo.
412 3112 608 3180 sperantes
632 3101 728 3162 enim
752 3101 786 3162 in
810 3101 957 3163 domino
977 3098 1175 3162 mutabunt
1191 3098 1297 3160 torti-

159 3199 339 3279 tudinem,
362 3201 558 3266 adsument
582 3222 722 3284 pennas
745 3205 841 3266 sicut
865 3204 1022 3285 aquilae.
1047 3204 1074 3266 si
1089 3221 1162 3285 ergo
1178 3201 1297 3265 habeas

158 3322 211 3366 cor
240 3304 353 3367 ardens
381 3308 413 3369 in
441 3307 509 3385 nia,
538 3306 783 3371 renouabitur
812 3310 908 3371 sicut
939 3308 1087 3389 aquilae
1117 3308 1297 3370 iuuentus

265 3483 291 3551 1]
311 3484 613 3541 Petit-coetus&
676 3488 704 3556 t]
724 3487 786 3540 Luc.
801 3492 893 3542 ints.
956 3487 1138 3555 streete.
1192 3486 1296 3555 Ἠῶ.

159 3571 248 3635 534).
320 3570 365 3638 ll]
383 3570 530 3635 (itast).
595 3573 637 3626 Ps.
655 3577 741 3629 1233
759 3586 784 3627 ct
807 3578 881 3629 166.
951 3573 994 3642 15]
1012 3574 1187 3639 tuomst).
1251 3574 1295 3642 16]

158 3656 277 3721 (Sallust.
289 3657 347 3710 Cat.
360 3674 381 3710 c.
396 3660 429 3725 1).
493 3659 658 3727 solutor.
674 3664 714 3717 12.
727 3665 752 3715 9.
817 3661 1012 3729 mperes.
1082 3660 1297 3729 curastis.

158 3743 205 3812 ⁸26]
218 3742 260 3795 Es.
270 3747 313 3805 to,
322 3746 364 3798 31.
416 3744 463 3813 2⁷1]
476 3744 550 3810 (Luc.
563 3748 605 3801 et.
618 3748 670 3805 3⁴2).
724 3749 770 3816 28]
789 3747 833 3800 Ps.
847 3751 905 3805 102.
918 3751 941 3802 5.

202 3911 318 3963 8nexus
332 3908 419 3962 1,Μο
470 3910 660 3963 omnsntarur
676 3913 707 3969 t'.
725 3912 904 3966 osculorurF
954 3916 986 3967 10
998 3913 1108 3980 suscipit
1124 3913 1160 3966 J!
1211 3916 1240 3967 11
1252 3930 1297 3982 pr.

159 4002 185 4046 et
204 3995 334 4049 oum!
392 3997 424 4049 12
443 3996 611 4062 uirtutemt)
663 3998 794 4066 perficiet]
813 4000 947 4067 precinget
962 3999 1045 4055 r‘Pt‘
1096 4001 1129 4052 13
1145 3999 1243 4066 gigans
1265 4000 1300 4065 0,

159 4080 235 4148 gigas
253 4089 299 4136 eet.
356 4082 567 4136 recurrendum
586 4084 617 4137 F
671 4100 718 4136 nec
740 4086 798 4143 ot:
818 4102 850 4137 ne
868 4093 914 4140 αϊ.
978 4085 1209 4152 toquiafP21'
1268 4086 1296 4139 iu

159 4167 570 4236 carnesedinspirituchntc
626 4174 657 4224 16
670 4171 777 4223 utimini
795 4174 821 4227 t·
872 4176 904 4228 ts
922 4172 1050 4225 firmitate
1066 4173 1093 4228 Γ
1150 4176 1185 4227 et
1204 4171 1298 4238 onio

158 4265 184 4304 et
203 4253 383 4307 misericordia
402 4255 486 4312 FPU
533 4258 568 4311 ‘25
587 4256 751 4324 adquirist)
803 4261 838 4312 26
855 4257 956 4311 enudus
975 4259 1002 4312 L
1055 4261 1091 4315 28
1108 4269 1138 4311 ut
1160 4261 1188 4315 ἶ*
