3036 4770
171 304 233 370 170
504 321 529 374 S.
542 319 676 374 Paulini
695 319 813 373 Nolani
833 319 977 388 episcopi

216 496 263 561 ta.
288 496 457 563 considera
478 497 656 561 huiusmodi
680 497 857 561 mortalium
881 496 992 575 uitam,
1015 500 1051 559 ut
1071 500 1137 558 tota
1156 494 1215 558 tibi
1237 513 1308 576 spe-

167 602 230 666 cies
253 602 385 666 iumenti
408 601 553 665 molentis
581 604 730 665 occurrat.
762 604 797 664 ut
820 600 872 664 ille
895 600 1007 682 pannis
1031 599 1136 663 oculos
1159 599 1308 680 corporis,

166 706 211 769 sic
233 705 291 770 iste
314 705 456 770 sordibus
480 706 564 768 uitae
587 723 661 769 suae
684 705 790 768 oculos
817 704 932 768 mentis
955 704 1086 767 obsutus
1109 721 1164 785 per
1187 719 1308 767 errores

166 828 294 875 suornm
317 828 468 874 sensuum
484 809 575 891 quasi
596 809 677 872 circa
696 807 845 892 ambages
867 810 1020 871 molarum
1036 806 1191 871 laboriosa
1211 807 1308 871 miser

166 915 301 978 statione
324 919 476 994 uersatur,
504 915 574 978 usui
597 932 652 978 suo
676 931 793 978 uacuus
817 917 849 977 et
870 931 1017 994 operosus
1041 913 1156 983 aliena
1188 914 1252 975 stat
1274 912 1307 974 iu
1322 939 1353 1005 Ιε

166 1020 217 1082 uia
231 1023 439 1102 peccatorum,
460 1019 642 1101 compeditus
662 1019 795 1082 uinculis
815 1019 1020 1102 cupiditatum
1036 1034 1174 1094 suarum,
1191 1020 1223 1079 et
1238 1014 1306 1096 ipse

166 1122 224 1187 sibi
255 1142 359 1188 carcer
389 1128 438 1188 est
467 1123 614 1187 obsessus
644 1122 782 1187 tenebris
813 1123 923 1186 erroris
954 1121 1003 1185 sui
1034 1126 1065 1184 et
1095 1119 1306 1184 conscientiae

165 1228 307 1309 squalore
330 1232 507 1301 concretus;
535 1228 567 1291 iu
591 1231 692 1291 semet
720 1227 787 1309 ipso
810 1227 934 1309 pistrini
958 1226 1151 1308 ergastulum
1173 1224 1306 1305 patitur,

165 1349 275 1395 sarum
298 1331 398 1396 cordis
422 1333 471 1395 sui
490 1332 660 1414 pertinacia
680 1332 852 1412 iniquitatis
875 1330 1053 1394 induratum
1075 1329 1164 1410 quasi
1187 1327 1306 1391 molam

164 1440 280 1517 uersat,
307 1437 442 1501 farinam
465 1436 608 1501 hostibus
631 1437 695 1500 suis
723 1437 761 1499 de
788 1440 933 1518 corrupta
960 1436 1082 1497 animae
1111 1451 1185 1496 suae
1214 1432 1306 1515 fruge
1334 1458 1353 1495 ιι

165 1540 339 1604 conficiens.
379 1541 462 1623 quia,
493 1542 574 1604 sicut
597 1541 747 1624 seriptum
771 1544 828 1618 est,
858 1543 1001 1621 peccator
1025 1538 1066 1600 de
1093 1537 1216 1600 anima
1238 1553 1306 1600 sua

164 1645 294 1723 currit,
324 1645 367 1708 ita
389 1646 441 1725 qui
464 1650 628 1727 peccatum
655 1649 800 1727 operatur
822 1643 860 1706 de
883 1644 967 1707 mola
988 1643 1071 1706 uitae
1094 1659 1168 1705 suae
1192 1640 1305 1704 hostile

164 1749 302 1813 triticum
329 1750 428 1828 molit,
459 1753 495 1813 ut
522 1750 668 1813 zabulum
696 1753 814 1833 pascat,
845 1748 894 1811 cui
921 1748 1010 1829 panis
1034 1746 1070 1811 tit
1095 1746 1201 1809 anima
1224 1762 1305 1826 quaa

163 1853 222 1918 sibi
245 1854 345 1917 tames
369 1859 425 1917 est.
457 1855 538 1935 quod
561 1854 588 1917 si
611 1872 673 1918 uon
696 1872 819 1934 semper
846 1853 962 1916 uadens
987 1851 1041 1915 sed
1066 1849 1232 1931 aliquando
1255 1867 1304 1911 re-

163 1962 289 2022 uertens
320 1958 446 2038 spiritus
473 1957 538 2037 fiat,
568 1959 655 2022 uelut
685 1976 774 2023 coma
804 1957 909 2021 reduci
940 1958 983 2020 ita
1009 1955 1111 2040 gratia
1137 1952 1304 2017 reflorente
1331 1978 1353 2016 ιι

163 2061 379 2145 integrabitur.

208 2166 257 2229 14.
281 2164 341 2230 Sed
356 2170 392 2230 ut
408 2170 506 2231 totam
523 2166 560 2230 da
581 2167 700 2249 capillis
726 2171 867 2230 teramus
892 2167 1065 2249 epistolam,
1088 2166 1176 2227 iuuat
1198 2163 1303 2227 indul-

162 2289 235 2353 gere
251 2272 386 2334 sermoni
403 2274 435 2334 et
451 2271 541 2335 illum
556 2272 672 2334 domini
688 2272 800 2334 fortem
825 2289 921 2352 nsque
946 2270 983 2332 ad
1004 2269 1098 2332 finem
1122 2286 1214 2332 suum
1231 2285 1303 2348 pro-

163 2375 260 2455 sequi.
292 2392 364 2437 nam
383 2380 414 2438 et
429 2375 461 2438 iu
478 2375 625 2438 caecitate
645 2376 742 2456 ipsius
767 2380 798 2439 et
820 2376 852 2438 in
876 2380 975 2438 morte
992 2374 1087 2436 diuini
1105 2376 1303 2435 sacramenta

163 2478 303 2560 mysterii
331 2479 522 2559 praelineata
546 2478 740 2559 mirabimur,
770 2479 913 2560 quodque.
942 2480 1091 2560 scriptum
1120 2480 1168 2540 est
1194 2476 1301 2557 plures
1328 2498 1353 2536 a

161 2583 250 2646 illum
273 2583 378 2646 hostes
406 2584 556 2647 strauisse
584 2584 769 2647 morientem
792 2602 887 2664 quam
910 2586 973 2646 toto
1000 2583 1085 2663 prius
1114 2581 1197 2643 uitae
1225 2598 1301 2643 suae

161 2690 300 2770 tempore
323 2688 516 2771 perculisset,
541 2688 672 2751 arbitror
695 2688 831 2771 principe
855 2689 921 2751 loeo
946 2688 1009 2750 uim
1033 2685 1205 2749 dominicae
1228 2702 1301 2766 pas-

161 2791 256 2855 sionis
284 2792 565 2874 interpretandam,
600 2810 661 2873 qua
691 2792 793 2855 zabuli
823 2793 934 2856 domus
964 2790 1076 2854 cecidit
1105 2794 1137 2852 et
1165 2806 1300 2871 regnum

161 2896 269 2960 mortis
286 2896 421 2959 solutum
439 2899 497 2960 est.
524 2897 616 2977 quod,
640 2897 766 2959 uiuente
790 2915 923 2977 semper,
947 2899 982 2958 ut
1005 2895 1094 2972 uiuit,
1118 2892 1244 2957 Christo
1268 2896 1300 2956 et

160 3002 232 3063 ante
255 3001 411 3064 carnalem
433 3000 603 3064 aduentum
624 3001 768 3063 suumin
789 3001 950 3064 maiestate
971 3003 1101 3062 naturae
1122 3015 1196 3061 suae
1217 2997 1299 3079 apud
1326 3023 1351 3060 a

160 3103 320 3168 dominum
340 3108 462 3187 patrem
483 3104 539 3167 deo
560 3103 663 3183 uerbo,
687 3109 794 3168 nmen
815 3104 971 3186 dispositis
993 3105 1021 3165 in
1047 3103 1186 3166 ordinem
1206 3120 1298 3165 suum

160 3208 291 3271 saeculis
322 3208 360 3271 ab
384 3209 486 3271 Adam
518 3227 616 3289 nsque
648 3208 686 3271 ad
709 3208 849 3290 Moysen,
878 3209 985 3271 mortis
1013 3211 1150 3288 potestas
1172 3206 1299 3270 licentia

159 3312 331 3375 bacchante
354 3316 539 3395 regnaueret
562 3316 593 3375 et
616 3312 653 3374 de
676 3313 745 3394 lege
768 3313 926 3376 intellecto
950 3330 1006 3374 nec
1031 3312 1147 3374 euitato
1170 3314 1298 3392 peccato

263 3448 290 3517 5]
310 3449 364 3515 (Ps.
385 3454 406 3512 1,
427 3450 459 3517 l).
533 3448 771 3517 11]Pr0u.7.23.
836 3449 879 3517 14]
899 3449 1073 3516 (Pastas).
1135 3447 1182 3515 ab]
1200 3447 1296 3513 (Iudic.

161 3539 199 3597 16,
214 3537 264 3603 30).
319 3535 572 3604 mildenhall).

203 3662 266 3712 lut
283 3661 390 3728 scripsi,
409 3662 436 3712 et
453 3678 474 3710 ω
526 3660 681 3712 2occurret
699 3659 762 3712 LM
812 3658 852 3726 ut]
872 3662 902 3711 ut
920 3659 990 3711 enim
1011 3659 1046 3712 M
1096 3656 1254 3711 asardidus
1271 3658 1301 3711 F

158 3744 244 3797 obsut’
263 3747 299 3799 M
313 3746 360 3800 sed
377 3745 410 3799 ob
429 3764 504 3810 eras,
523 3744 631 3797 obsutus
653 3746 675 3797 0
740 3749 755 3799 5
774 3750 934 3798 uersaturus.
954 3746 1013 3798 uisu
1037 3746 1059 3799 0
1126 3749 1157 3800 10
1174 3744 1297 3797 hostibus

158 3832 224 3900 suis]
244 3833 360 3901 corporis
379 3833 418 3884 siri
439 3832 522 3887 FPU
591 3834 623 3885 13
642 3831 808 3886 zabolumO
880 3836 910 3886 14
935 3832 1059 3886 samisO
1131 3835 1162 3886 15
1184 3832 1296 3899 spiritus

162 3918 211 3984 Oe,
231 3919 304 3971 cristi
324 3920 418 3987 1⁴l¹lll
439 3920 499 3986 PU,
517 3919 564 3987 xps
583 3921 646 3973 ΕΜ
702 3922 732 3974 17
752 3918 892 3987 epistulam
916 3922 938 3973 0
995 3923 1029 3973 20
1048 3918 1170 3986 quodque
1188 3920 1295 3987 scripsi,

158 4005 219 4071 quia
237 4004 306 4072 quod
325 4025 346 4057 ω
399 4009 429 4060 21
451 4006 524 4073 prius
542 4009 599 4057 tcto
612 4006 695 4059 FPU
745 4008 778 4060 22
798 4006 952 4074 perculisset
963 4008 1070 4074 scripsi,
1087 4005 1230 4074 perculisse
1248 4006 1295 4058 ssd

157 4091 217 4159 FO,
236 4092 378 4161 perculisse
391 4094 431 4158 M,
448 4091 573 4161 piculisse
586 4093 621 4159 L,
638 4092 779 4160 pertulisse
796 4092 844 4145 sed'
862 4094 916 4147 PU
966 4096 1000 4147 23
1013 4093 1238 4161 interpretandam
1253 4093 1295 4146 L¹

157 4176 279 4233 zaboliO
332 4179 396 4231 dfflh
413 4179 463 4244 Oe,
482 4178 561 4231 deum
580 4186 625 4233 cet.
678 4182 712 4233 26
731 4178 772 4232 dei
792 4179 871 4232 uerbo
885 4181 946 4238 Fit.
965 4183 1088 4232 manento
1107 4178 1155 4231 deo
1169 4178 1248 4232 uerbo
1262 4181 1297 4234 M

156 4267 188 4318 27
209 4281 325 4332 moysem
344 4284 360 4319 a
413 4267 447 4322 28
464 4264 593 4318 bachante
610 4266 732 4332 FLMP,
751 4266 924 4323 baccanteU
974 4271 1110 4320 cresuerat
1128 4268 1154 4333 (a
1171 4268 1250 4334 cras.)
1268 4268 1294 4321 L
