<?xml version="1.0" encoding="UTF-8"?>
<!DOCTYPE html PUBLIC "-//W3C//DTD XHTML 1.0 Transitional//EN"
    "http://www.w3.org/TR/xhtml1/DTD/xhtml1-transitional.dtd">
<html xmlns="http://www.w3.org/1999/xhtml" xml:lang="en" lang="en">
 <head>
  <title>
</title>
<meta http-equiv="Content-Type" content="text/html;charset=utf-8" />
  <meta name='ocr-system' content='tesseract 3.04.00' />
  <meta name='ocr-capabilities' content='ocr_page ocr_carea ocr_par ocr_line ocrx_word'/>
</head>
<body>
  <div class='ocr_page' id='page_1' title='image "./sanctipontiimer00hartgoog_0442.png"; bbox 0 0 3036 4770; ppageno 0'>
   <div class='ocr_carea' id='block_1_1' title="bbox 645 280 1373 372">
    <p class='ocr_par' dir='ltr' id='par_1_1' title="bbox 645 280 1373 372">
     <span class='ocr_line' id='line_1_1' title="bbox 645 280 1373 372; baseline -0.01 -17"><span class='ocrx_word' id='word_1_1' title='bbox 645 303 787 372; x_wconf 74' lang='lat' dir='ltr'><strong>epistula</strong></span> <span class='ocrx_word' id='word_1_2' title='bbox 799 280 834 365; x_wconf 62' lang='grc'>1»,</span> <span class='ocrx_word' id='word_1_3' title='bbox 854 320 875 357; x_wconf 88' lang='lat' dir='ltr'>o.</span> <span class='ocrx_word' id='word_1_4' title='bbox 889 307 965 359; x_wconf 79' lang='lat'>7-9.</span> <span class='ocrx_word' id='word_1_5' title='bbox 1312 286 1373 349; x_wconf 76' lang='grc'><strong>411</strong></span> 
     </span>
    </p>
   </div>
   <div class='ocr_carea' id='block_1_2' title="bbox 159 479 1381 2648">
    <p class='ocr_par' dir='ltr' id='par_1_2' title="bbox 236 479 1377 875">
     <span class='ocr_line' id='line_1_2' title="bbox 237 479 1376 562; baseline 0 -20"><span class='ocrx_word' id='word_1_6' title='bbox 237 479 383 543; x_wconf 76' lang='lat' dir='ltr'>delictis</span> <span class='ocrx_word' id='word_1_7' title='bbox 408 481 499 558; x_wconf 90' lang='lat' dir='ltr'>suis,</span> <span class='ocrx_word' id='word_1_8' title='bbox 530 480 603 561; x_wconf 87' lang='lat' dir='ltr'>quid</span> <span class='ocrx_word' id='word_1_9' title='bbox 626 480 668 543; x_wconf 90' lang='lat' dir='ltr'>sit</span> <span class='ocrx_word' id='word_1_10' title='bbox 694 479 874 543; x_wconf 83' lang='lat' dir='ltr'>uerticem</span> <span class='ocrx_word' id='word_1_11' title='bbox 900 480 1030 562; x_wconf 82' lang='lat' dir='ltr'>oopilli</span> <span class='ocrx_word' id='word_1_12' title='bbox 1055 479 1316 562; x_wconf 83' lang='lat' dir='ltr'>perambulare</span> <span class='ocrx_word' id='word_1_13' title='bbox 1340 481 1376 543; x_wconf 92' lang='lat' dir='ltr'>in</span> 
     </span>
     <span class='ocr_line' id='line_1_3' title="bbox 236 583 1376 666; baseline 0.001 -20"><span class='ocrx_word' id='word_1_14' title='bbox 236 583 391 648; x_wconf 84' lang='lat' dir='ltr'>deliotis</span> <span class='ocrx_word' id='word_1_15' title='bbox 421 601 482 647; x_wconf 91' lang='lat' dir='ltr'>nou</span> <span class='ocrx_word' id='word_1_16' title='bbox 506 584 590 647; x_wconf 89' lang='lat' dir='ltr'>enirn</span> <span class='ocrx_word' id='word_1_17' title='bbox 613 583 700 664; x_wconf 80' lang='lat' dir='ltr'>dixit,</span> <span class='ocrx_word' id='word_1_18' title='bbox 724 584 874 647; x_wconf 75' lang='lat' dir='ltr'>uerticem</span> <span class='ocrx_word' id='word_1_19' title='bbox 898 583 1018 666; x_wconf 83' lang='lat' dir='ltr'>eapitis,</span> <span class='ocrx_word' id='word_1_20' title='bbox 1042 583 1097 647; x_wconf 87' lang='lat' dir='ltr'>sod</span> <span class='ocrx_word' id='word_1_21' title='bbox 1119 584 1297 647; x_wconf 78' lang='lat' dir='ltr'>uerticem</span> <span class='ocrx_word' id='word_1_22' title='bbox 1321 602 1376 647; x_wconf 83' lang='lat' dir='ltr'>oa·</span> 
     </span>
     <span class='ocr_line' id='line_1_4' title="bbox 236 688 1377 772; baseline 0.001 -21"><span class='ocrx_word' id='word_1_23' title='bbox 236 688 331 771; x_wconf 85' lang='lat' dir='ltr'>pilli,</span> <span class='ocrx_word' id='word_1_24' title='bbox 358 689 409 770; x_wconf 91' lang='lat' dir='ltr'>qui</span> <span class='ocrx_word' id='word_1_25' title='bbox 434 689 500 752; x_wconf 88' lang='lat' dir='ltr'>sino</span> <span class='ocrx_word' id='word_1_26' title='bbox 524 708 619 753; x_wconf 88' lang='lat' dir='ltr'>sensu</span> <span class='ocrx_word' id='word_1_27' title='bbox 643 692 699 753; x_wconf 86' lang='lat' dir='ltr'>est.</span> <span class='ocrx_word' id='word_1_28' title='bbox 726 707 766 752; x_wconf 85' lang='lat' dir='ltr'>en</span> <span class='ocrx_word' id='word_1_29' title='bbox 791 689 944 771; x_wconf 87' lang='lat' dir='ltr'>repletum</span> <span class='ocrx_word' id='word_1_30' title='bbox 968 688 1102 772; x_wconf 84' lang='lat' dir='ltr'>peooatis</span> <span class='ocrx_word' id='word_1_31' title='bbox 1125 688 1284 753; x_wconf 89' lang='lat' dir='ltr'>hominem</span> <span class='ocrx_word' id='word_1_32' title='bbox 1308 688 1377 752; x_wconf 91' lang='lat' dir='ltr'>uult</span> 
     </span>
     <span class='ocr_line' id='line_1_5' title="bbox 236 791 1376 875; baseline -0.001 -20"><span class='ocrx_word' id='word_1_33' title='bbox 236 792 420 856; x_wconf 76' lang='lat' dir='ltr'>ostendere?</span> <span class='ocrx_word' id='word_1_34' title='bbox 458 795 610 875; x_wconf 87' lang='lat' dir='ltr'>seriptum</span> <span class='ocrx_word' id='word_1_35' title='bbox 638 797 699 858; x_wconf 88' lang='lat' dir='ltr'>est:</span> <span class='ocrx_word' id='word_1_36' title='bbox 731 812 836 857; x_wconf 85' lang='lat' dir='ltr'>onrue</span> <span class='ocrx_word' id='word_1_37' title='bbox 866 813 927 858; x_wconf 84' lang='lat' dir='ltr'>eor</span> <span class='ocrx_word' id='word_1_38' title='bbox 957 793 994 856; x_wconf 90' lang='lat' dir='ltr'>in</span> <span class='ocrx_word' id='word_1_39' title='bbox 1021 794 1145 857; x_wconf 90' lang='lat' dir='ltr'>dolore</span> <span class='ocrx_word' id='word_1_40' title='bbox 1176 791 1376 875; x_wconf 87' lang='lat' dir='ltr'>apodibus</span> 
     </span>
    </p>

    <p class='ocr_par' dir='ltr' id='par_1_3' title="bbox 178 898 1377 1399">
     <span class='ocr_line' id='line_1_6' title="bbox 178 898 1376 981; baseline 0.001 -23"><span class='ocrx_word' id='word_1_41' title='bbox 178 919 210 957; x_wconf 75' lang='lat'><strong>5</strong></span> <span class='ocrx_word' id='word_1_42' title='bbox 238 915 352 979; x_wconf 87' lang='lat' dir='ltr'>usque</span> <span class='ocrx_word' id='word_1_43' title='bbox 379 898 423 961; x_wconf 84' lang='lat' dir='ltr'>ed</span> <span class='ocrx_word' id='word_1_44' title='bbox 451 902 575 981; x_wconf 84' lang='lat' dir='ltr'>eaput,</span> <span class='ocrx_word' id='word_1_45' title='bbox 607 903 639 963; x_wconf 90' lang='lat' dir='ltr'>et</span> <span class='ocrx_word' id='word_1_46' title='bbox 668 898 761 981; x_wconf 86' lang='lat' dir='ltr'>poulo</span> <span class='ocrx_word' id='word_1_47' title='bbox 789 898 870 963; x_wconf 84' lang='lat' dir='ltr'>intro</span> <span class='ocrx_word' id='word_1_48' title='bbox 896 899 977 981; x_wconf 91' lang='lat' dir='ltr'>quod</span> <span class='ocrx_word' id='word_1_49' title='bbox 1005 899 1063 962; x_wconf 84' lang='lat' dir='ltr'>eit:</span> <span class='ocrx_word' id='word_1_50' title='bbox 1093 898 1223 981; x_wconf 83' lang='lat' dir='ltr'>lingue</span> <span class='ocrx_word' id='word_1_51' title='bbox 1247 915 1376 960; x_wconf 85' lang='lat' dir='ltr'>conum</span> 
     </span>
     <span class='ocr_line' id='line_1_7' title="bbox 237 1000 1377 1086; baseline -0.002 -22"><span class='ocrx_word' id='word_1_52' title='bbox 237 1005 380 1065; x_wconf 88' lang='lat' dir='ltr'>tuorum</span> <span class='ocrx_word' id='word_1_53' title='bbox 413 1022 453 1066; x_wconf 81' lang='lat' dir='ltr'>ex</span> <span class='ocrx_word' id='word_1_54' title='bbox 483 1003 648 1066; x_wconf 82' lang='lat' dir='ltr'>inimicis</span> <span class='ocrx_word' id='word_1_55' title='bbox 680 1002 724 1066; x_wconf 83' lang='lat' dir='ltr'>ab</span> <span class='ocrx_word' id='word_1_56' title='bbox 755 1003 850 1086; x_wconf 82' lang='lat' dir='ltr'>ipso,</span> <span class='ocrx_word' id='word_1_57' title='bbox 883 1022 901 1067; x_wconf 89' lang='grc'><strong>1</strong></span> <span class='ocrx_word' id='word_1_58' title='bbox 931 1022 991 1085; x_wconf 90' lang='lat' dir='ltr'>quo</span> <span class='ocrx_word' id='word_1_59' title='bbox 1021 1003 1123 1086; x_wconf 74' lang='lat' dir='ltr'>ipso?</span> <span class='ocrx_word' id='word_1_60' title='bbox 1165 1006 1197 1066; x_wconf 91' lang='lat' dir='ltr'>et</span> <span class='ocrx_word' id='word_1_61' title='bbox 1226 1000 1377 1083; x_wconf 74' lang='lat' dir='ltr'>urumquid</span> 
     </span>
     <span class='ocr_line' id='line_1_8' title="bbox 237 1106 1377 1191; baseline 0.001 -23"><span class='ocrx_word' id='word_1_62' title='bbox 237 1124 327 1169; x_wconf 82' lang='lat' dir='ltr'>eones</span> <span class='ocrx_word' id='word_1_63' title='bbox 351 1106 399 1170; x_wconf 92' lang='lat' dir='ltr'>dei</span> <span class='ocrx_word' id='word_1_64' title='bbox 422 1110 554 1190; x_wconf 79' lang='lat' dir='ltr'><strong>possunt</strong></span> <span class='ocrx_word' id='word_1_65' title='bbox 581 1107 639 1170; x_wconf 91' lang='lat' dir='ltr'>dioi</span> <span class='ocrx_word' id='word_1_66' title='bbox 662 1108 805 1190; x_wconf 67' lang='lat' dir='ltr'>gentiles</span> <span class='ocrx_word' id='word_1_67' title='bbox 837 1126 913 1188; x_wconf 91' lang='lat' dir='ltr'>quos</span> <span class='ocrx_word' id='word_1_68' title='bbox 941 1108 1007 1190; x_wconf 90' lang='lat' dir='ltr'>ipse</span> <span class='ocrx_word' id='word_1_69' title='bbox 1035 1107 1066 1171; x_wconf 93' lang='lat' dir='ltr'>in</span> <span class='ocrx_word' id='word_1_70' title='bbox 1095 1107 1257 1191; x_wconf 85' lang='lat' dir='ltr'>euangelio</span> <span class='ocrx_word' id='word_1_71' title='bbox 1284 1124 1377 1169; x_wconf 82' lang='lat' dir='ltr'>eones</span> 
     </span>
     <span class='ocr_line' id='line_1_9' title="bbox 237 1210 1377 1292; baseline 0 -20"><span class='ocrx_word' id='word_1_72' title='bbox 237 1210 398 1273; x_wconf 77' lang='lat' dir='ltr'>nominet?</span> <span class='ocrx_word' id='word_1_73' title='bbox 431 1213 487 1273; x_wconf 85' lang='lat' dir='ltr'>ont</span> <span class='ocrx_word' id='word_1_74' title='bbox 510 1230 548 1274; x_wconf 90' lang='lat' dir='ltr'>ue</span> <span class='ocrx_word' id='word_1_75' title='bbox 571 1211 649 1275; x_wconf 85' lang='lat' dir='ltr'>forte</span> <span class='ocrx_word' id='word_1_76' title='bbox 673 1210 757 1292; x_wconf 86' lang='lat' dir='ltr'>ipsos</span> <span class='ocrx_word' id='word_1_77' title='bbox 780 1229 874 1275; x_wconf 80' lang='lat' dir='ltr'>eones</span> <span class='ocrx_word' id='word_1_78' title='bbox 898 1212 947 1275; x_wconf 90' lang='lat' dir='ltr'>dei</span> <span class='ocrx_word' id='word_1_79' title='bbox 971 1211 1062 1291; x_wconf 86' lang='lat' dir='ltr'>dieat,</span> <span class='ocrx_word' id='word_1_80' title='bbox 1089 1211 1197 1292; x_wconf 81' lang='lat' dir='ltr'>quales</span> <span class='ocrx_word' id='word_1_81' title='bbox 1220 1210 1377 1274; x_wconf 82' lang='lat' dir='ltr'>aestimari</span> 
     </span>
     <span class='ocr_line' id='line_1_10' title="bbox 237 1314 1376 1399; baseline 0.002 -24"><span class='ocrx_word' id='word_1_82' title='bbox 237 1317 376 1396; x_wconf 76' lang='lat' dir='ltr'>possunt,</span> <span class='ocrx_word' id='word_1_83' title='bbox 400 1314 427 1376; x_wconf 91' lang='lat' dir='ltr'>si</span> <span class='ocrx_word' id='word_1_84' title='bbox 450 1315 556 1395; x_wconf 90' lang='lat' dir='ltr'>quiin</span> <span class='ocrx_word' id='word_1_85' title='bbox 580 1315 706 1378; x_wconf 87' lang='lat' dir='ltr'>nomine</span> <span class='ocrx_word' id='word_1_86' title='bbox 727 1314 902 1380; x_wconf 73' lang='lat' dir='ltr'>Christiano</span> <span class='ocrx_word' id='word_1_87' title='bbox 925 1316 1082 1399; x_wconf 77' lang='lat' dir='ltr'>gentiliter</span> <span class='ocrx_word' id='word_1_88' title='bbox 1103 1316 1222 1394; x_wconf 82' lang='lat' dir='ltr'>uiuant,</span> <span class='ocrx_word' id='word_1_89' title='bbox 1246 1333 1376 1396; x_wconf 90' lang='lat' dir='ltr'>quorum</span> 
     </span>
    </p>

    <p class='ocr_par' dir='ltr' id='par_1_4' title="bbox 159 1417 1377 1604">
     <span class='ocr_line' id='line_1_11' title="bbox 159 1417 1377 1502; baseline 0 -21"><span class='ocrx_word' id='word_1_90' title='bbox 159 1434 213 1481; x_wconf 73' lang='grc' dir='ltr'>ιο</span> <span class='ocrx_word' id='word_1_91' title='bbox 237 1434 308 1499; x_wconf 83' lang='lat' dir='ltr'>pars</span> <span class='ocrx_word' id='word_1_92' title='bbox 330 1435 402 1480; x_wconf 88' lang='lat' dir='ltr'>oum</span> <span class='ocrx_word' id='word_1_93' title='bbox 425 1417 603 1482; x_wconf 88' lang='lat' dir='ltr'>infidelibus</span> <span class='ocrx_word' id='word_1_94' title='bbox 626 1420 762 1501; x_wconf 89' lang='lat' dir='ltr'>ponitur,</span> <span class='ocrx_word' id='word_1_95' title='bbox 791 1420 864 1501; x_wconf 83' lang='lat' dir='ltr'>quio</span> <span class='ocrx_word' id='word_1_96' title='bbox 887 1420 990 1499; x_wconf 88' lang='lat' dir='ltr'>deum,</span> <span class='ocrx_word' id='word_1_97' title='bbox 1017 1439 1109 1502; x_wconf 87' lang='lat' dir='ltr'>quern</span> <span class='ocrx_word' id='word_1_98' title='bbox 1134 1419 1238 1483; x_wconf 87' lang='lat' dir='ltr'>uerbis</span> <span class='ocrx_word' id='word_1_99' title='bbox 1262 1419 1377 1498; x_wconf 85' lang='lat' dir='ltr'>colunt,</span> 
     </span>
     <span class='ocr_line' id='line_1_12' title="bbox 238 1520 491 1604; baseline 0.008 -21"><span class='ocrx_word' id='word_1_100' title='bbox 238 1520 328 1584; x_wconf 83' lang='lat' dir='ltr'>foetis</span> <span class='ocrx_word' id='word_1_101' title='bbox 353 1525 491 1604; x_wconf 80' lang='lat' dir='ltr'>negant?</span> 
     </span>
    </p>

    <p class='ocr_par' dir='ltr' id='par_1_5' title="bbox 237 1622 1379 1920">
     <span class='ocr_line' id='line_1_13' title="bbox 280 1622 1379 1711; baseline 0.005 -25"><span class='ocrx_word' id='word_1_102' title='bbox 280 1622 310 1687; x_wconf 79' lang='lat'>9.</span> <span class='ocrx_word' id='word_1_103' title='bbox 333 1624 422 1688; x_wconf 81' lang='lat' dir='ltr'>Haeo</span> <span class='ocrx_word' id='word_1_104' title='bbox 443 1626 567 1690; x_wconf 85' lang='lat' dir='ltr'>interim</span> <span class='ocrx_word' id='word_1_105' title='bbox 591 1627 629 1690; x_wconf 89' lang='lat' dir='ltr'>de</span> <span class='ocrx_word' id='word_1_106' title='bbox 652 1628 796 1711; x_wconf 84' lang='lat' dir='ltr'>psalmis;</span> <span class='ocrx_word' id='word_1_107' title='bbox 824 1648 906 1692; x_wconf 86' lang='lat' dir='ltr'>nune</span> <span class='ocrx_word' id='word_1_108' title='bbox 929 1634 961 1692; x_wconf 87' lang='lat' dir='ltr'>et</span> <span class='ocrx_word' id='word_1_109' title='bbox 984 1628 1021 1692; x_wconf 88' lang='lat' dir='ltr'>de</span> <span class='ocrx_word' id='word_1_110' title='bbox 1046 1629 1185 1710; x_wconf 83' lang='lat' dir='ltr'>apostolo</span> <span class='ocrx_word' id='word_1_111' title='bbox 1209 1628 1379 1710; x_wconf 80' lang='lat' dir='ltr'>quodsum·</span> 
     </span>
     <span class='ocr_line' id='line_1_14' title="bbox 237 1731 1379 1815; baseline 0.004 -24"><span class='ocrx_word' id='word_1_112' title='bbox 237 1747 297 1809; x_wconf 91' lang='lat' dir='ltr'>que</span> <span class='ocrx_word' id='word_1_113' title='bbox 319 1747 501 1813; x_wconf 84' lang='lat' dir='ltr'>proponam.</span> <span class='ocrx_word' id='word_1_114' title='bbox 530 1731 605 1795; x_wconf 84' lang='lat' dir='ltr'>dicit</span> <span class='ocrx_word' id='word_1_115' title='bbox 628 1731 667 1795; x_wconf 83' lang='lat' dir='ltr'>ed</span> <span class='ocrx_word' id='word_1_116' title='bbox 689 1732 841 1815; x_wconf 81' lang='lat' dir='ltr'>Ephesios</span> <span class='ocrx_word' id='word_1_117' title='bbox 865 1733 944 1814; x_wconf 91' lang='lat' dir='ltr'>qnod</span> <span class='ocrx_word' id='word_1_118' title='bbox 968 1735 998 1795; x_wconf 92' lang='lat' dir='ltr'>in</span> <span class='ocrx_word' id='word_1_119' title='bbox 1023 1733 1083 1797; x_wconf 81' lang='lat' dir='ltr'>atie</span> <span class='ocrx_word' id='word_1_120' title='bbox 1106 1734 1237 1815; x_wconf 83' lang='lat' dir='ltr'>epistola</span> <span class='ocrx_word' id='word_1_121' title='bbox 1260 1733 1379 1796; x_wconf 81' lang='lat' dir='ltr'>dixerat</span> 
     </span>
     <span class='ocr_line' id='line_1_15' title="bbox 237 1832 1378 1920; baseline 0.003 -25"><span class='ocrx_word' id='word_1_122' title='bbox 237 1832 275 1896; x_wconf 89' lang='lat' dir='ltr'>de</span> <span class='ocrx_word' id='word_1_123' title='bbox 301 1832 449 1915; x_wconf 83' lang='lat' dir='ltr'>gradibus</span> <span class='ocrx_word' id='word_1_124' title='bbox 480 1835 530 1897; x_wconf 87' lang='lat' dir='ltr'>uel</span> <span class='ocrx_word' id='word_1_125' title='bbox 560 1835 720 1900; x_wconf 84' lang='lat' dir='ltr'>ordinibus</span> <span class='ocrx_word' id='word_1_126' title='bbox 748 1836 987 1920; x_wconf 86' lang='lat' dir='ltr'>dispositionum</span> <span class='ocrx_word' id='word_1_127' title='bbox 1015 1837 1063 1900; x_wconf 87' lang='lat' dir='ltr'>dei</span> <span class='ocrx_word' id='word_1_128' title='bbox 1093 1840 1240 1920; x_wconf 78' lang='lat' dir='ltr'>operante</span> <span class='ocrx_word' id='word_1_129' title='bbox 1269 1837 1378 1918; x_wconf 88' lang='lat' dir='ltr'>spiritu</span> 
     </span>
    </p>

    <p class='ocr_par' dir='ltr' id='par_1_6' title="bbox 184 1937 1381 2648">
     <span class='ocr_line' id='line_1_16' title="bbox 184 1937 1379 2022; baseline 0.003 -23"><span class='ocrx_word' id='word_1_130' title='bbox 184 1961 212 2002; x_wconf 73' lang='lat' dir='ltr'>rr</span> <span class='ocrx_word' id='word_1_131' title='bbox 238 1941 345 2000; x_wconf 81' lang='lat' dir='ltr'>saneto</span> <span class='ocrx_word' id='word_1_132' title='bbox 365 1937 532 2002; x_wconf 87' lang='lat' dir='ltr'>diuisiones</span> <span class='ocrx_word' id='word_1_133' title='bbox 548 1941 734 2022; x_wconf 76' lang='lat' dir='ltr'>gratiarum:</span> <span class='ocrx_word' id='word_1_134' title='bbox 759 1944 794 2004; x_wconf 89' lang='lat' dir='ltr'>et</span> <span class='ocrx_word' id='word_1_135' title='bbox 813 1942 990 2022; x_wconf 84' lang='lat' dir='ltr'>quosdam</span> <span class='ocrx_word' id='word_1_136' title='bbox 1010 1942 1157 2022; x_wconf 87' lang='lat' dir='ltr'>quidem</span> <span class='ocrx_word' id='word_1_137' title='bbox 1177 1941 1277 2004; x_wconf 83' lang='lat' dir='ltr'>dedit</span> <span class='ocrx_word' id='word_1_138' title='bbox 1297 1957 1379 2022; x_wconf 84' lang='lat' dir='ltr'>opo·</span> 
     </span>
     <span class='ocr_line' id='line_1_17' title="bbox 237 2041 1379 2128; baseline 0.003 -24"><span class='ocrx_word' id='word_1_139' title='bbox 237 2041 368 2121; x_wconf 76' lang='lat' dir='ltr'>stolon,</span> <span class='ocrx_word' id='word_1_140' title='bbox 390 2042 567 2123; x_wconf 86' lang='lat' dir='ltr'>quosdam</span> <span class='ocrx_word' id='word_1_141' title='bbox 588 2047 712 2108; x_wconf 85' lang='lat' dir='ltr'>autern</span> <span class='ocrx_word' id='word_1_142' title='bbox 731 2046 947 2128; x_wconf 83' lang='lat' dir='ltr'>prophetes,</span> <span class='ocrx_word' id='word_1_143' title='bbox 969 2046 1063 2110; x_wconf 85' lang='lat' dir='ltr'>elios</span> <span class='ocrx_word' id='word_1_144' title='bbox 1083 2063 1170 2109; x_wconf 90' lang='lat' dir='ltr'>uero</span> <span class='ocrx_word' id='word_1_145' title='bbox 1190 2044 1379 2128; x_wconf 81' lang='lat' dir='ltr'>euangeli-</span> 
     </span>
     <span class='ocr_line' id='line_1_18' title="bbox 237 2146 1379 2230; baseline 0.004 -22"><span class='ocrx_word' id='word_1_146' title='bbox 237 2149 330 2224; x_wconf 86' lang='lat' dir='ltr'>stas,</span> <span class='ocrx_word' id='word_1_147' title='bbox 362 2146 455 2210; x_wconf 83' lang='lat' dir='ltr'>elios</span> <span class='ocrx_word' id='word_1_148' title='bbox 483 2151 606 2211; x_wconf 80' lang='lat' dir='ltr'>autern</span> <span class='ocrx_word' id='word_1_149' title='bbox 629 2153 799 2230; x_wconf 82' lang='lat' dir='ltr'>pastores</span> <span class='ocrx_word' id='word_1_150' title='bbox 827 2154 863 2214; x_wconf 89' lang='lat' dir='ltr'>et</span> <span class='ocrx_word' id='word_1_151' title='bbox 885 2150 1057 2214; x_wconf 86' lang='lat' dir='ltr'>doctores</span> <span class='ocrx_word' id='word_1_152' title='bbox 1084 2150 1126 2212; x_wconf 84' lang='lat' dir='ltr'>ed</span> <span class='ocrx_word' id='word_1_153' title='bbox 1150 2167 1379 2213; x_wconf 82' lang='lat' dir='ltr'>eonsumma-</span> 
     </span>
     <span class='ocr_line' id='line_1_19' title="bbox 237 2249 1378 2337; baseline 0.003 -25"><span class='ocrx_word' id='word_1_154' title='bbox 237 2249 375 2313; x_wconf 91' lang='lat' dir='ltr'>tionem</span> <span class='ocrx_word' id='word_1_155' title='bbox 403 2255 615 2315; x_wconf 84' lang='lat' dir='ltr'>sanctorum</span> <span class='ocrx_word' id='word_1_156' title='bbox 643 2256 674 2316; x_wconf 91' lang='lat' dir='ltr'>et</span> <span class='ocrx_word' id='word_1_157' title='bbox 701 2253 830 2335; x_wconf 85' lang='lat' dir='ltr'>reliqua.</span> <span class='ocrx_word' id='word_1_158' title='bbox 869 2254 928 2318; x_wconf 94' lang='lat' dir='ltr'>hoo</span> <span class='ocrx_word' id='word_1_159' title='bbox 955 2257 1026 2337; x_wconf 94' lang='lat' dir='ltr'>opto</span> <span class='ocrx_word' id='word_1_160' title='bbox 1049 2253 1224 2336; x_wconf 81' lang='lat' dir='ltr'>distinguas</span> <span class='ocrx_word' id='word_1_161' title='bbox 1246 2253 1322 2317; x_wconf 89' lang='lat' dir='ltr'>mihi</span> <span class='ocrx_word' id='word_1_162' title='bbox 1346 2254 1378 2316; x_wconf 88' lang='lat' dir='ltr'>in</span> 
     </span>
     <span class='ocr_line' id='line_1_20' title="bbox 237 2354 1379 2440; baseline 0.003 -23"><span class='ocrx_word' id='word_1_163' title='bbox 237 2354 296 2418; x_wconf 80' lang='lat' dir='ltr'>hoo</span> <span class='ocrx_word' id='word_1_164' title='bbox 323 2354 505 2419; x_wconf 77' lang='lat' dir='ltr'>diuersitate</span> <span class='ocrx_word' id='word_1_165' title='bbox 536 2356 709 2436; x_wconf 89' lang='lat' dir='ltr'>nominum,</span> <span class='ocrx_word' id='word_1_166' title='bbox 740 2375 820 2439; x_wconf 81' lang='lat' dir='ltr'>quoe</span> <span class='ocrx_word' id='word_1_167' title='bbox 847 2359 889 2422; x_wconf 94' lang='lat' dir='ltr'>sit</span> <span class='ocrx_word' id='word_1_168' title='bbox 916 2358 1029 2440; x_wconf 89' lang='lat' dir='ltr'>ouiquo</span> <span class='ocrx_word' id='word_1_169' title='bbox 1057 2358 1176 2421; x_wconf 87' lang='lat' dir='ltr'>nomini</span> <span class='ocrx_word' id='word_1_170' title='bbox 1207 2356 1379 2421; x_wconf 87' lang='lat' dir='ltr'>officiorum</span> 
     </span>
     <span class='ocr_line' id='line_1_21' title="bbox 188 2459 1379 2546; baseline -0.002 -21"><span class='ocrx_word' id='word_1_171' title='bbox 188 2485 212 2525; x_wconf 76' lang='lat' dir='ltr'>oo</span> <span class='ocrx_word' id='word_1_172' title='bbox 237 2459 287 2522; x_wconf 86' lang='lat' dir='ltr'>uel</span> <span class='ocrx_word' id='word_1_173' title='bbox 310 2459 484 2542; x_wconf 78' lang='lat' dir='ltr'>gratiarum</span> <span class='ocrx_word' id='word_1_174' title='bbox 507 2461 691 2543; x_wconf 82' lang='lat' dir='ltr'>proprietas,</span> <span class='ocrx_word' id='word_1_175' title='bbox 717 2462 790 2543; x_wconf 88' lang='lat' dir='ltr'>quid</span> <span class='ocrx_word' id='word_1_176' title='bbox 813 2462 973 2545; x_wconf 86' lang='lat' dir='ltr'>proprium</span> <span class='ocrx_word' id='word_1_177' title='bbox 997 2463 1037 2526; x_wconf 88' lang='lat' dir='ltr'>sit</span> <span class='ocrx_word' id='word_1_178' title='bbox 1060 2462 1281 2546; x_wconf 81' lang='lat' dir='ltr'>apostolorum,</span> <span class='ocrx_word' id='word_1_179' title='bbox 1306 2460 1379 2542; x_wconf 90' lang='lat' dir='ltr'>quid</span> 
     </span>
     <span class='ocr_line' id='line_1_22' title="bbox 236 2562 1381 2648; baseline 0.003 -22"><span class='ocrx_word' id='word_1_180' title='bbox 236 2562 469 2646; x_wconf 82' lang='lat' dir='ltr'>prophetarum,</span> <span class='ocrx_word' id='word_1_181' title='bbox 490 2564 563 2644; x_wconf 89' lang='lat' dir='ltr'>quid</span> <span class='ocrx_word' id='word_1_182' title='bbox 584 2564 860 2647; x_wconf 79' lang='lat' dir='ltr'>euangelisterum,</span> <span class='ocrx_word' id='word_1_183' title='bbox 880 2565 953 2647; x_wconf 91' lang='lat' dir='ltr'>quid</span> <span class='ocrx_word' id='word_1_184' title='bbox 968 2572 1128 2648; x_wconf 81' lang='lat' dir='ltr'>pastorum</span> <span class='ocrx_word' id='word_1_185' title='bbox 1146 2565 1259 2646; x_wconf 90' lang='lat' dir='ltr'>quidue</span> <span class='ocrx_word' id='word_1_186' title='bbox 1276 2565 1381 2629; x_wconf 84' lang='lat' dir='ltr'>docto·</span> 
     </span>
    </p>
   </div>
   <div class='ocr_carea' id='block_1_3' title="bbox 239 2778 1380 2936">
    <p class='ocr_par' dir='ltr' id='par_1_7' title="bbox 239 2778 1380 2936">
     <span class='ocr_line' id='line_1_23' title="bbox 340 2778 1380 2849; baseline 0 -16"><span class='ocrx_word' id='word_1_187' title='bbox 340 2779 369 2847; x_wconf 81' lang='lat' dir='ltr'>o]</span> <span class='ocrx_word' id='word_1_188' title='bbox 388 2778 501 2842; x_wconf 63' lang='lat' dir='ltr'>nere.</span> <span class='ocrx_word' id='word_1_189' title='bbox 556 2779 744 2848; x_wconf 67' lang='lat' dir='ltr'>ussewi.</span> <span class='ocrx_word' id='word_1_190' title='bbox 799 2780 827 2849; x_wconf 82' lang='lat'>7]</span> <span class='ocrx_word' id='word_1_191' title='bbox 840 2780 946 2847; x_wconf 79' lang='lat' dir='ltr'>(Meton.</span> <span class='ocrx_word' id='word_1_192' title='bbox 959 2783 999 2847; x_wconf 82' lang='lat'>15,</span> <span class='ocrx_word' id='word_1_193' title='bbox 1010 2781 1062 2847; x_wconf 81' lang='lat' dir='ltr'>ee).</span> <span class='ocrx_word' id='word_1_194' title='bbox 1116 2780 1142 2848; x_wconf 85' lang='lat' dir='ltr'>o]</span> <span class='ocrx_word' id='word_1_195' title='bbox 1155 2779 1315 2847; x_wconf 66' lang='lat' dir='ltr'>(ueteres,</span> <span class='ocrx_word' id='word_1_196' title='bbox 1328 2780 1380 2847; x_wconf 80' lang='lat'>51).</span> 
     </span>
     <span class='ocr_line' id='line_1_24' title="bbox 239 2865 972 2936; baseline -0.005 -12"><span class='ocrx_word' id='word_1_197' title='bbox 239 2865 284 2936; x_wconf 81' lang='lat' dir='ltr'>lo]</span> <span class='ocrx_word' id='word_1_198' title='bbox 302 2865 365 2933; x_wconf 81' lang='lat' dir='ltr'>(nrt.</span> <span class='ocrx_word' id='word_1_199' title='bbox 381 2869 404 2929; x_wconf 91' lang='lat'>1,</span> <span class='ocrx_word' id='word_1_200' title='bbox 419 2866 469 2934; x_wconf 86' lang='lat' dir='ltr'>ro).</span> <span class='ocrx_word' id='word_1_201' title='bbox 525 2865 569 2935; x_wconf 87' lang='lat'>15]</span> <span class='ocrx_word' id='word_1_202' title='bbox 588 2865 602 2919; x_wconf 88' lang='lat'>1</span> <span class='ocrx_word' id='word_1_203' title='bbox 620 2865 679 2921; x_wconf 80' lang='lat' dir='ltr'>eor.</span> <span class='ocrx_word' id='word_1_204' title='bbox 695 2869 734 2930; x_wconf 81' lang='lat' dir='ltr'>re,</span> <span class='ocrx_word' id='word_1_205' title='bbox 747 2869 793 2929; x_wconf 70' lang='lat' dir='ltr'>on</span> <span class='ocrx_word' id='word_1_206' title='bbox 812 2866 879 2936; x_wconf 78' lang='lat' dir='ltr'>spu.</span> <span class='ocrx_word' id='word_1_207' title='bbox 892 2870 916 2930; x_wconf 81' lang='lat'>4,</span> <span class='ocrx_word' id='word_1_208' title='bbox 931 2870 972 2922; x_wconf 88' lang='lat' dir='ltr'>rr.</span> 
     </span>
    </p>
   </div>
   <div class='ocr_carea' id='block_1_4' title="bbox 239 3065 1385 3603">
    <p class='ocr_par' dir='ltr' id='par_1_8' title="bbox 239 3065 1385 3603">
     <span class='ocr_line' id='line_1_25' title="bbox 283 3065 1384 3135; baseline -0.002 -13"><span class='ocrx_word' id='word_1_209' title='bbox 283 3066 473 3122; x_wconf 70' lang='grc'><strong>1111111110</strong></span> <span class='ocrx_word' id='word_1_210' title='bbox 523 3065 782 3121; x_wconf 83' lang='lat' dir='ltr'>suis-delictisom.</span> <span class='ocrx_word' id='word_1_211' title='bbox 800 3068 827 3122; x_wconf 88' lang='lat' dir='ltr'><strong><em>U</em></strong></span> <span class='ocrx_word' id='word_1_212' title='bbox 876 3066 924 3134; x_wconf 84' lang='lat' dir='ltr'>sit]</span> <span class='ocrx_word' id='word_1_213' title='bbox 936 3069 978 3120; x_wconf 88' lang='lat' dir='ltr'>est</span> <span class='ocrx_word' id='word_1_214' title='bbox 990 3067 1046 3135; x_wconf 84' lang='lat' dir='ltr'>My</span> <span class='ocrx_word' id='word_1_215' title='bbox 1099 3065 1384 3135; x_wconf 72' lang='lat' dir='ltr'>perambulantiunrb&#39;</span> 
     </span>
     <span class='ocr_line' id='line_1_26' title="bbox 239 3152 1380 3221; baseline -0.004 -12"><span class='ocrx_word' id='word_1_216' title='bbox 239 3153 378 3209; x_wconf 80' lang='lat' dir='ltr'>2delieto&#39;s</span> <span class='ocrx_word' id='word_1_217' title='bbox 396 3153 451 3206; x_wconf 86' lang='lat' dir='ltr'>suis</span> <span class='ocrx_word' id='word_1_218' title='bbox 470 3159 512 3206; x_wconf 84' lang='grc' dir='ltr'>Γα</span> <span class='ocrx_word' id='word_1_219' title='bbox 565 3154 612 3207; x_wconf 85' lang='lat' dir='ltr'>alt.</span> <span class='ocrx_word' id='word_1_220' title='bbox 631 3152 758 3206; x_wconf 85' lang='lat' dir='ltr'>uerticem</span> <span class='ocrx_word' id='word_1_221' title='bbox 777 3171 828 3209; x_wconf 85' lang='lat' dir='ltr'>om.</span> <span class='ocrx_word' id='word_1_222' title='bbox 848 3154 886 3207; x_wconf 87' lang='grc' dir='ltr'><em>Μ</em></span> <span class='ocrx_word' id='word_1_223' title='bbox 933 3155 1061 3207; x_wconf 77' lang='grc'><strong>3111111</strong></span> <span class='ocrx_word' id='word_1_224' title='bbox 1084 3152 1148 3221; x_wconf 80' lang='grc' dir='ltr'>ΟφΙ</span> <span class='ocrx_word' id='word_1_225' title='bbox 1202 3152 1290 3221; x_wconf 74' lang='lat' dir='ltr'>dest]</span> <span class='ocrx_word' id='word_1_226' title='bbox 1309 3152 1380 3206; x_wconf 88' lang='lat' dir='ltr'>eninr</span> 
     </span>
     <span class='ocr_line' id='line_1_27' title="bbox 239 3238 1380 3309; baseline -0.004 -13"><span class='ocrx_word' id='word_1_227' title='bbox 239 3241 302 3296; x_wconf 83' lang='lat' dir='ltr'>add.</span> <span class='ocrx_word' id='word_1_228' title='bbox 322 3239 398 3308; x_wconf 68' lang='lat' dir='ltr'>Fur</span> <span class='ocrx_word' id='word_1_229' title='bbox 451 3238 575 3309; x_wconf 88' lang='lat' dir='ltr'>pedibus]</span> <span class='ocrx_word' id='word_1_230' title='bbox 595 3239 727 3294; x_wconf 79' lang='lat' dir='ltr'>uertices</span> <span class='ocrx_word' id='word_1_231' title='bbox 788 3242 918 3308; x_wconf 84' lang='lat' dir='ltr'>5ustque</span> <span class='ocrx_word' id='word_1_232' title='bbox 941 3242 968 3297; x_wconf 88' lang='lat' dir='ltr'><em>U</em></span> <span class='ocrx_word' id='word_1_233' title='bbox 1026 3239 1099 3294; x_wconf 84' lang='lat' dir='ltr'>cenis</span> <span class='ocrx_word' id='word_1_234' title='bbox 1117 3239 1151 3306; x_wconf 71' lang='lat' dir='ltr'>F,</span> <span class='ocrx_word' id='word_1_235' title='bbox 1171 3255 1248 3292; x_wconf 76' lang='lat' dir='ltr'>onnes</span> <span class='ocrx_word' id='word_1_236' title='bbox 1266 3242 1287 3307; x_wconf 73' lang='lat' dir='ltr'>f,</span> <span class='ocrx_word' id='word_1_237' title='bbox 1307 3242 1380 3292; x_wconf 80' lang='lat' dir='ltr'>ostu-</span> 
     </span>
     <span class='ocr_line' id='line_1_28' title="bbox 239 3325 1385 3396; baseline 0 -16"><span class='ocrx_word' id='word_1_238' title='bbox 239 3327 328 3382; x_wconf 86' lang='lat' dir='ltr'>lorum</span> <span class='ocrx_word' id='word_1_239' title='bbox 346 3328 407 3396; x_wconf 86' lang='grc' dir='ltr'>Μφ</span> <span class='ocrx_word' id='word_1_240' title='bbox 461 3329 604 3382; x_wconf 81' lang='lat' dir='ltr'>dtuorum</span> <span class='ocrx_word' id='word_1_241' title='bbox 622 3345 674 3382; x_wconf 83' lang='lat' dir='ltr'>om.</span> <span class='ocrx_word' id='word_1_242' title='bbox 693 3328 754 3395; x_wconf 84' lang='grc' dir='ltr'>Μφ</span> <span class='ocrx_word' id='word_1_243' title='bbox 807 3330 834 3380; x_wconf 91' lang='lat' dir='ltr'>et</span> <span class='ocrx_word' id='word_1_244' title='bbox 852 3327 993 3396; x_wconf 73' lang='lat' dir='ltr'>om.FUf</span> <span class='ocrx_word' id='word_1_245' title='bbox 1042 3326 1157 3394; x_wconf 88' lang='lat' dir='ltr'>nunquit</span> <span class='ocrx_word' id='word_1_246' title='bbox 1175 3325 1209 3390; x_wconf 84' lang='lat' dir='ltr'>F,</span> <span class='ocrx_word' id='word_1_247' title='bbox 1229 3325 1330 3394; x_wconf 91' lang='lat' dir='ltr'>nuquid</span> <span class='ocrx_word' id='word_1_248' title='bbox 1349 3327 1385 3380; x_wconf 91' lang='grc' dir='ltr'><em>Μ</em></span> 
     </span>
     <span class='ocr_line' id='line_1_29' title="bbox 241 3411 1383 3484; baseline 0 -15"><span class='ocrx_word' id='word_1_249' title='bbox 241 3417 256 3469; x_wconf 86' lang='grc'><strong>7</strong></span> <span class='ocrx_word' id='word_1_250' title='bbox 278 3417 387 3484; x_wconf 84' lang='lat' dir='ltr'>possent</span> <span class='ocrx_word' id='word_1_251' title='bbox 409 3411 481 3484; x_wconf 48' lang='lat' dir='ltr'>dicia</span> <span class='ocrx_word' id='word_1_252' title='bbox 504 3432 529 3481; x_wconf 83' lang='lat' dir='ltr'>y,</span> <span class='ocrx_word' id='word_1_253' title='bbox 555 3412 607 3466; x_wconf 86' lang='lat' dir='ltr'>diei</span> <span class='ocrx_word' id='word_1_254' title='bbox 631 3416 744 3481; x_wconf 87' lang='lat' dir='ltr'>possunt</span> <span class='ocrx_word' id='word_1_255' title='bbox 765 3413 842 3482; x_wconf 76' lang='lat' dir='ltr'>FUf</span> <span class='ocrx_word' id='word_1_256' title='bbox 853 3412 909 3469; x_wconf 81' lang='lat'>001.</span> <span class='ocrx_word' id='word_1_257' title='bbox 983 3430 1060 3467; x_wconf 83' lang='lat' dir='ltr'>cenes</span> <span class='ocrx_word' id='word_1_258' title='bbox 1087 3413 1115 3467; x_wconf 89' lang='lat' dir='ltr'>in</span> <span class='ocrx_word' id='word_1_259' title='bbox 1142 3412 1280 3480; x_wconf 80' lang='lat' dir='ltr'>euangelio</span> <span class='ocrx_word' id='word_1_260' title='bbox 1307 3412 1383 3480; x_wconf 67' lang='lat' dir='ltr'>Po(</span> 
     </span>
     <span class='ocr_line' id='line_1_30' title="bbox 239 3499 1385 3603; baseline 0.001 -48"><span class='ocrx_word' id='word_1_261' title='bbox 239 3517 333 3570; x_wconf 79' lang='lat' dir='ltr'>eoopes</span> <span class='ocrx_word' id='word_1_262' title='bbox 350 3518 368 3571; x_wconf 79' lang='lat'><em>9</em></span> <span class='ocrx_word' id='word_1_263' title='bbox 437 3503 454 3556; x_wconf 88' lang='lat'>8</span> <span class='ocrx_word' id='word_1_264' title='bbox 473 3503 519 3553; x_wconf 85' lang='lat' dir='ltr'>aut</span> <span class='ocrx_word' id='word_1_265' title='bbox 537 3516 570 3552; x_wconf 87' lang='lat' dir='ltr'>ne</span> <span class='ocrx_word' id='word_1_266' title='bbox 588 3499 631 3566; x_wconf 89' lang='lat' dir='ltr'>(ne</span> <span class='ocrx_word' id='word_1_267' title='bbox 649 3501 713 3554; x_wconf 84' lang='lat' dir='ltr'>add.</span> <span class='ocrx_word' id='word_1_268' title='bbox 727 3518 760 3554; x_wconf 85' lang='lat' dir='ltr'>m.</span> <span class='ocrx_word' id='word_1_269' title='bbox 774 3501 800 3568; x_wconf 88' lang='lat'>1)</span> <span class='ocrx_word' id='word_1_270' title='bbox 823 3499 852 3568; x_wconf 79' lang='grc' dir='ltr'>θ,</span> <span class='ocrx_word' id='word_1_271' title='bbox 870 3516 904 3553; x_wconf 83' lang='lat' dir='ltr'>on</span> <span class='ocrx_word' id='word_1_272' title='bbox 923 3502 960 3555; x_wconf 88' lang='grc' dir='ltr'><em>Μ</em></span> <span class='ocrx_word' id='word_1_273' title='bbox 1026 3500 1092 3554; x_wconf 84' lang='lat' dir='ltr'>dieit</span> <span class='ocrx_word' id='word_1_274' title='bbox 1105 3501 1150 3603; x_wconf 87' lang='grc' dir='ltr'>ΙΜ,</span> <span class='ocrx_word' id='word_1_275' title='bbox 1173 3499 1290 3569; x_wconf 79' lang='lat' dir='ltr'>appellet</span> <span class='ocrx_word' id='word_1_276' title='bbox 1308 3500 1385 3569; x_wconf 75' lang='lat' dir='ltr'>Fus</span> 
     </span>
    </p>
   </div>
   <div class='ocr_carea' id='block_1_5' title="bbox 239 3611 1380 3715">
    <p class='ocr_par' dir='ltr' id='par_1_9' title="bbox 239 3611 1380 3715">
     <span class='ocr_line' id='line_1_31' title="bbox 239 3611 1380 3715; baseline -0.002 -48"><span class='ocrx_word' id='word_1_277' title='bbox 239 3613 344 3683; x_wconf 75' lang='lat' dir='ltr'>equales</span> <span class='ocrx_word' id='word_1_278' title='bbox 356 3613 415 3669; x_wconf 85' lang='lat' dir='ltr'>FU</span> <span class='ocrx_word' id='word_1_279' title='bbox 463 3612 599 3666; x_wconf 75' lang='lat' dir='ltr'>aestimari</span> <span class='ocrx_word' id='word_1_280' title='bbox 614 3611 781 3681; x_wconf 71' lang='lat' dir='ltr'>GFFoosp,</span> <span class='ocrx_word' id='word_1_281' title='bbox 794 3612 915 3666; x_wconf 82' lang='lat' dir='ltr'>extimari</span> <span class='ocrx_word' id='word_1_282' title='bbox 933 3614 963 3680; x_wconf 87' lang='lat' dir='ltr'>U,</span> <span class='ocrx_word' id='word_1_283' title='bbox 976 3613 1115 3715; x_wconf 48' lang='lat' dir='ltr'>aestiuare</span> <span class='ocrx_word' id='word_1_284' title='bbox 1132 3630 1158 3683; x_wconf 78' lang='lat' dir='ltr'>p,</span> <span class='ocrx_word' id='word_1_285' title='bbox 1176 3612 1321 3666; x_wconf 78' lang='lat' dir='ltr'>existimari</span> <span class='ocrx_word' id='word_1_286' title='bbox 1334 3619 1380 3669; x_wconf 80' lang='lat' dir='ltr'>cet.</span> 
     </span>
    </p>
   </div>
   <div class='ocr_carea' id='block_1_6' title="bbox 237 3725 1385 4315">
    <p class='ocr_par' dir='ltr' id='par_1_10' title="bbox 237 3725 1385 4315">
     <span class='ocr_line' id='line_1_32' title="bbox 239 3725 1385 3795; baseline -0.003 -13"><span class='ocrx_word' id='word_1_287' title='bbox 239 3726 300 3782; x_wconf 79' lang='lat' dir='ltr'>osi</span> <span class='ocrx_word' id='word_1_288' title='bbox 323 3726 368 3794; x_wconf 88' lang='lat' dir='ltr'>qui</span> <span class='ocrx_word' id='word_1_289' title='bbox 391 3743 424 3781; x_wconf 77' lang='lat' dir='ltr'>eo</span> <span class='ocrx_word' id='word_1_290' title='bbox 445 3725 559 3794; x_wconf 76' lang='lat' dir='ltr'>sequip</span> <span class='ocrx_word' id='word_1_291' title='bbox 620 3726 708 3794; x_wconf 82' lang='lat' dir='ltr'>xpieni</span> <span class='ocrx_word' id='word_1_292' title='bbox 731 3726 769 3779; x_wconf 98' lang='grc' dir='ltr'><em>Μ</em></span> <span class='ocrx_word' id='word_1_293' title='bbox 825 3725 923 3779; x_wconf 90' lang='lat' dir='ltr'>uiuunt</span> <span class='ocrx_word' id='word_1_294' title='bbox 948 3725 978 3790; x_wconf 82' lang='grc'>0,</span> <span class='ocrx_word' id='word_1_295' title='bbox 1001 3725 1114 3795; x_wconf 80' lang='lat' dir='ltr'>uiuutp</span> <span class='ocrx_word' id='word_1_296' title='bbox 1178 3727 1209 3781; x_wconf 84' lang='lat'>12</span> <span class='ocrx_word' id='word_1_297' title='bbox 1232 3729 1259 3778; x_wconf 89' lang='lat' dir='ltr'>et</span> <span class='ocrx_word' id='word_1_298' title='bbox 1277 3743 1327 3781; x_wconf 78' lang='lat' dir='ltr'>ooo.</span> <span class='ocrx_word' id='word_1_299' title='bbox 1349 3726 1385 3779; x_wconf 94' lang='grc' dir='ltr'><em>Μ</em></span> 
     </span>
     <span class='ocr_line' id='line_1_33' title="bbox 241 3811 1385 3882; baseline -0.001 -12"><span class='ocrx_word' id='word_1_300' title='bbox 241 3817 273 3870; x_wconf 88' lang='grc'>13</span> <span class='ocrx_word' id='word_1_301' title='bbox 291 3813 360 3866; x_wconf 87' lang='lat' dir='ltr'>dixit</span> <span class='ocrx_word' id='word_1_302' title='bbox 377 3832 399 3882; x_wconf 86' lang='grc' dir='ltr'><em>φ</em></span> <span class='ocrx_word' id='word_1_303' title='bbox 451 3813 564 3866; x_wconf 87' lang='lat' dir='ltr'>hetesios</span> <span class='ocrx_word' id='word_1_304' title='bbox 581 3814 612 3879; x_wconf 84' lang='lat' dir='ltr'>U,</span> <span class='ocrx_word' id='word_1_305' title='bbox 631 3813 770 3882; x_wconf 83' lang='lat' dir='ltr'>hephosios</span> <span class='ocrx_word' id='word_1_306' title='bbox 787 3813 815 3879; x_wconf 81' lang='lat'>0,</span> <span class='ocrx_word' id='word_1_307' title='bbox 834 3812 955 3881; x_wconf 86' lang='lat' dir='ltr'>ephesior</span> <span class='ocrx_word' id='word_1_308' title='bbox 972 3812 1006 3881; x_wconf 79' lang='grc' dir='ltr'>γι</span> <span class='ocrx_word' id='word_1_309' title='bbox 1061 3815 1092 3867; x_wconf 78' lang='lat' dir='ltr'>ld</span> <span class='ocrx_word' id='word_1_310' title='bbox 1111 3816 1138 3866; x_wconf 87' lang='lat' dir='ltr'>et</span> <span class='ocrx_word' id='word_1_311' title='bbox 1155 3811 1294 3866; x_wconf 87' lang='lat' dir='ltr'>ordinibus</span> <span class='ocrx_word' id='word_1_312' title='bbox 1311 3829 1342 3866; x_wconf 83' lang='lat' dir='ltr'>eo</span> <span class='ocrx_word' id='word_1_313' title='bbox 1358 3815 1385 3869; x_wconf 85' lang='lat' dir='ltr'><strong><em>U</em></strong></span> 
     </span>
     <span class='ocr_line' id='line_1_34' title="bbox 239 3899 1381 3970; baseline -0.003 -16"><span class='ocrx_word' id='word_1_314' title='bbox 239 3899 482 3970; x_wconf 73' lang='lat' dir='ltr'>orditordinibusp</span> <span class='ocrx_word' id='word_1_315' title='bbox 544 3899 724 3968; x_wconf 86' lang='lat' dir='ltr'>dispositionis</span> <span class='ocrx_word' id='word_1_316' title='bbox 743 3899 791 3969; x_wconf 65' lang='grc' dir='ltr'><strong><em>Π</em></strong></span> <span class='ocrx_word' id='word_1_317' title='bbox 851 3903 883 3955; x_wconf 88' lang='grc'>15</span> <span class='ocrx_word' id='word_1_318' title='bbox 901 3899 1049 3967; x_wconf 79' lang='lat' dir='ltr'>gratiarum</span> <span class='ocrx_word' id='word_1_319' title='bbox 1067 3903 1132 3953; x_wconf 86' lang='lat' dir='ltr'>sunt</span> <span class='ocrx_word' id='word_1_320' title='bbox 1149 3900 1186 3953; x_wconf 91' lang='grc' dir='ltr'><em>Μ</em></span> <span class='ocrx_word' id='word_1_321' title='bbox 1237 3902 1381 3954; x_wconf 78' lang='grc'><strong>1711111-</strong></span> 
     </span>
     <span class='ocr_line' id='line_1_35' title="bbox 240 3984 1381 4056; baseline -0.003 -15"><span class='ocrx_word' id='word_1_322' title='bbox 240 3987 383 4041; x_wconf 82' lang='lat' dir='ltr'>metionem</span> <span class='ocrx_word' id='word_1_323' title='bbox 401 3986 518 4056; x_wconf 68' lang='lat' dir='ltr'>onnes</span> <span class='ocrx_word' id='word_1_324' title='bbox 563 3990 823 4043; x_wconf 79' lang='lat' dir='ltr'>lsssorrotorumom.</span> <span class='ocrx_word' id='word_1_325' title='bbox 837 3992 973 4056; x_wconf 51' lang='lat' dir='ltr'>desp?</span> <span class='ocrx_word' id='word_1_326' title='bbox 1015 3985 1127 4054; x_wconf 84' lang='lat' dir='ltr'>relique]</span> <span class='ocrx_word' id='word_1_327' title='bbox 1142 3990 1230 4039; x_wconf 83' lang='lat' dir='ltr'>cetero</span> <span class='ocrx_word' id='word_1_328' title='bbox 1243 4005 1260 4054; x_wconf 78' lang='grc' dir='ltr'><em>γ</em></span> <span class='ocrx_word' id='word_1_329' title='bbox 1307 3984 1351 4038; x_wconf 89' lang='lat' dir='ltr'>hio</span> <span class='ocrx_word' id='word_1_330' title='bbox 1364 4003 1381 4054; x_wconf 76' lang='lat' dir='ltr'>p</span> 
     </span>
     <span class='ocr_line' id='line_1_36' title="bbox 239 4072 1380 4142; baseline -0.001 -15"><span class='ocrx_word' id='word_1_331' title='bbox 239 4074 267 4127; x_wconf 91' lang='lat' dir='ltr'>in</span> <span class='ocrx_word' id='word_1_332' title='bbox 285 4091 336 4130; x_wconf 84' lang='lat' dir='ltr'>om.</span> <span class='ocrx_word' id='word_1_333' title='bbox 350 4073 450 4141; x_wconf 76' lang='lat' dir='ltr'>Fny</span> <span class='ocrx_word' id='word_1_334' title='bbox 501 4076 533 4129; x_wconf 87' lang='grc'><strong>19</strong></span> <span class='ocrx_word' id='word_1_335' title='bbox 551 4073 619 4125; x_wconf 81' lang='lat' dir='ltr'>hono</span> <span class='ocrx_word' id='word_1_336' title='bbox 639 4072 823 4127; x_wconf 79' lang='lat' dir='ltr'>diuersitatern</span> <span class='ocrx_word' id='word_1_337' title='bbox 841 4072 918 4141; x_wconf 68' lang='lat' dir='ltr'>Fut·</span> <span class='ocrx_word' id='word_1_338' title='bbox 965 4073 1029 4141; x_wconf 87' lang='lat' dir='ltr'>quid</span> <span class='ocrx_word' id='word_1_339' title='bbox 1049 4074 1083 4140; x_wconf 76' lang='lat' dir='ltr'>F,</span> <span class='ocrx_word' id='word_1_340' title='bbox 1102 4072 1208 4142; x_wconf 73' lang='lat' dir='ltr'>quods</span> <span class='ocrx_word' id='word_1_341' title='bbox 1263 4073 1380 4127; x_wconf 82' lang='lat' dir='ltr'>cuicum-</span> 
     </span>
     <span class='ocr_line' id='line_1_37' title="bbox 240 4158 1385 4228; baseline 0.003 -16"><span class='ocrx_word' id='word_1_342' title='bbox 240 4176 290 4228; x_wconf 85' lang='lat' dir='ltr'>que</span> <span class='ocrx_word' id='word_1_343' title='bbox 308 4160 388 4228; x_wconf 74' lang='lat' dir='ltr'><strong><em>FUs,</em></strong></span> <span class='ocrx_word' id='word_1_344' title='bbox 408 4158 541 4228; x_wconf 71' lang='lat' dir='ltr'>unicuito</span> <span class='ocrx_word' id='word_1_345' title='bbox 604 4159 780 4227; x_wconf 85' lang='lat' dir='ltr'>nominunry</span> <span class='ocrx_word' id='word_1_346' title='bbox 841 4159 960 4212; x_wconf 83' lang='lat' dir='ltr'>officium</span> <span class='ocrx_word' id='word_1_347' title='bbox 978 4159 1055 4228; x_wconf 80' lang='lat' dir='ltr'>FUs</span> <span class='ocrx_word' id='word_1_348' title='bbox 1108 4162 1142 4214; x_wconf 84' lang='lat'>20</span> <span class='ocrx_word' id='word_1_349' title='bbox 1160 4160 1385 4227; x_wconf 68' lang='lat' dir='ltr'>proprietates&amp;</span> 
     </span>
     <span class='ocr_line' id='line_1_38' title="bbox 237 4245 1302 4315; baseline -0.003 -14"><span class='ocrx_word' id='word_1_350' title='bbox 237 4264 279 4315; x_wconf 87' lang='lat' dir='ltr'>pr.</span> <span class='ocrx_word' id='word_1_351' title='bbox 295 4245 364 4314; x_wconf 87' lang='lat' dir='ltr'>quod</span> <span class='ocrx_word' id='word_1_352' title='bbox 383 4246 427 4314; x_wconf 70' lang='grc' dir='ltr'>ΜΓ</span> <span class='ocrx_word' id='word_1_353' title='bbox 475 4248 521 4300; x_wconf 81' lang='lat' dir='ltr'>ott.</span> <span class='ocrx_word' id='word_1_354' title='bbox 536 4245 649 4314; x_wconf 84' lang='lat' dir='ltr'>quodU</span> <span class='ocrx_word' id='word_1_355' title='bbox 699 4248 731 4302; x_wconf 87' lang='grc'><strong>21</strong></span> <span class='ocrx_word' id='word_1_356' title='bbox 747 4264 791 4315; x_wconf 85' lang='lat' dir='ltr'>pr.</span> <span class='ocrx_word' id='word_1_357' title='bbox 805 4247 875 4314; x_wconf 87' lang='lat' dir='ltr'>quod</span> <span class='ocrx_word' id='word_1_358' title='bbox 898 4246 925 4302; x_wconf 84' lang='lat' dir='ltr'><em>U</em></span> <span class='ocrx_word' id='word_1_359' title='bbox 974 4246 1123 4315; x_wconf 76' lang='lat' dir='ltr'>postorum]</span> <span class='ocrx_word' id='word_1_360' title='bbox 1142 4247 1302 4315; x_wconf 74' lang='lat' dir='ltr'>aptorumy</span> 
     </span>
    </p>
   </div>
   <div class='ocr_carea' id='block_1_7' title="bbox 0 0 1526 4770">
    <p class='ocr_par' dir='ltr' id='par_1_11' title="bbox 0 0 1526 4770">
     <span class='ocr_line' id='line_1_39' title="bbox 0 0 1526 4770; baseline 0 0"><span class='ocrx_word' id='word_1_361' title='bbox 0 0 1526 4770; x_wconf 95' lang='lat' dir='ltr'> </span> 
     </span>
    </p>
   </div>
  </div>
 </body>
</html>
