3036 4770
513 333 659 402 epistula
676 332 778 395 XXIII,
797 350 818 386 c.
834 335 943 388 15-16.
1237 313 1299 377 173

160 514 289 592 mmatm
320 513 372 575 sed
398 529 547 593 superans
572 529 644 573 eum
667 511 736 592 lege
759 509 906 589 iustitiae,
938 513 982 589 ut,
1012 509 1158 590 quoniam
1182 509 1300 572 femina

160 618 289 699 decepta
319 621 351 680 et
381 616 501 679 deiecto
530 634 585 697 per
615 615 767 678 feminam
799 614 865 677 uiro
898 631 1024 677 onmem
1055 613 1175 696 prolem
1205 611 1298 694 primi

159 723 294 787 hominis
325 726 488 803 tamquam
518 721 723 803 peccatricem
753 719 876 803 legibus
907 719 1016 783 mortis
1047 718 1203 783 malitiosa
1231 717 1299 798 qui·

160 827 230 890 dem
253 826 385 890 nocendi
408 825 574 907 cupiditate
598 824 652 887 sed
673 828 779 887 tamen
802 827 838 887 ut
859 823 1047 904 aequissimo
1065 823 1132 886 iure
1151 821 1299 885 uictoriae

117 958 129 995 s
159 930 352 1009 uindicabat‚
387 930 509 993 tamdiu
542 931 680 1011 potestas
715 929 780 991 eius
815 929 948 1007 ualeret,
983 927 1079 991 donec
1112 926 1300 991 interficeret

159 1037 287 1114 iustum,
304 1036 334 1098 in
353 1051 413 1116 quo
432 1034 507 1097 nihil
523 1033 653 1116 dignum
673 1036 773 1096 morte
792 1035 899 1115 posset
918 1032 1091 1111 ostendero,
1115 1049 1176 1096 non
1197 1030 1298 1094 solum

160 1141 233 1220 quia
248 1139 315 1202 sinc
331 1136 468 1221 dediot>o
484 1137 603 1201 occisus
620 1141 676 1215 est,
698 1137 751 1200 sed
769 1137 863 1200 etiam
880 1137 952 1217 quia
967 1136 1034 1200 sine
1049 1135 1177 1200 libidine
1197 1139 1299 1214 natus,

159 1245 209 1306 cui
232 1242 455 1326 subiugauorat
477 1243 529 1306 illc
550 1260 627 1322 quos
650 1245 784 1323 ceperat,
808 1245 843 1304 ut
863 1241 1006 1322 quioquid
1026 1240 1098 1302 inde
1120 1243 1299 1304 nasceretur

160 1352 321 1428 tamquam
349 1365 423 1410 suae
452 1347 568 1410 arboris
595 1346 716 1409 fructus
744 1364 841 1428 praue
868 1346 994 1426 quidem
1017 1344 1154 1408 habendi
1181 1343 1299 1427 cupidi·

107 1478 131 1515 ro
161 1457 224 1516 tate
248 1452 301 1515 sed
321 1455 428 1515 tamen
452 1468 511 1515 non
535 1451 640 1531 iniquo
660 1450 836 1532 possidendi
862 1450 927 1513 iure
947 1449 1105 1513 retineret.
1129 1449 1299 1513 iustissime

160 1558 265 1638 itaque
292 1557 413 1638 cogitur
437 1555 595 1618 dimittere
622 1555 782 1618 credentes
806 1555 837 1617 in
864 1573 945 1633 eum,
977 1548 1304 1635 qucm'iniustissime,

159 1661 280 1739 occidit,
303 1663 401 1738 utet,
429 1660 508 1740 quod
533 1659 747 1740 temporaliter
775 1659 960 1737 moriuntur,
989 1657 1127 1721 debitum
1154 1658 1300 1722 enoluant

160 1769 199 1844 et,
230 1764 311 1845 quod
334 1782 458 1846 semper
480 1764 601 1842 uiuunt,
633 1763 662 1825 in
686 1763 739 1826 illo
763 1763 882 1843 uiuant,
913 1763 963 1843 qui
986 1781 1041 1845 pro
1066 1763 1108 1825 eis
1133 1763 1213 1844 quod
1236 1780 1298 1827 nou

160 1868 293 1932 debebat
316 1868 438 1932 euoluit.

107 1998 132 2035 15
207 1971 254 2034 16.
284 1971 495 2051 Quamobrem
522 1977 597 2054 puto
628 1975 660 2035 et
689 1972 755 2052 ipse
787 1971 876 2034 nohis
904 1973 952 2035 leo
980 1972 1031 2034 ille
1064 1976 1120 2050 est,
1152 1972 1183 2033 in
1213 1971 1299 2034 ouius

161 2077 274 2141 mortui
303 2094 355 2139 ore
386 2076 490 2139 cibum
520 2076 622 2139 mellis
653 2075 841 2139 inuenimus.
882 2076 955 2156 quid
986 2076 1069 2138 enim
1100 2076 1220 2139 dulcius
1251 2076 1300 2139 dei

161 2181 277 2244 uerbo?
313 2181 440 2261 etquid
464 2181 574 2244 fortius
599 2180 817 2243 deidentera?
853 2185 906 2243 aut
933 2181 963 2243 in
991 2181 1078 2243 cuius
1106 2181 1220 2244 mortui
1247 2198 1299 2244 ore

161 2286 253 2348 fauus
282 2290 312 2348 et
340 2303 413 2368 apes
442 2286 501 2348 msi
531 2286 562 2348 in
594 2285 682 2348 cuius
711 2284 807 2348 uerbo
836 2285 945 2347 salutis
973 2289 1096 2348 nostrae
1123 2284 1239 2348 bonum
1268 2288 1300 2348 et

161 2390 358 2472 congregatio
385 2390 548 2472 gentium?
579 2407 710 2469 quarum
737 2390 841 2471 potius
865 2388 996 2471 liguram
1021 2389 1160 2470 plerique
1186 2389 1217 2451 in
1241 2389 1299 2452 hoo

108 2517 134 2556 ro
160 2495 249 2558 leone
268 2497 448 2575 posuerunt,
473 2493 546 2574 quia
561 2494 694 2574 populus
713 2494 854 2576 gentium
875 2493 926 2574 qui
950 2493 1081 2556 credidit
1099 2511 1209 2574 corpus
1229 2493 1300 2557 feri·

161 2599 234 2661 tatis
258 2600 325 2660 erat
347 2602 430 2677 ante,
454 2616 537 2661 nunc
561 2596 676 2661 Christi
702 2600 759 2676 est,
783 2598 813 2660 in
839 2616 898 2678 quo
922 2598 1052 2679 apostoli
1075 2598 1162 2660 uelut
1184 2615 1258 2680 apes
1282 2616 1300 2660 a

161 2719 228 2766 rore
260 2702 336 2764 caeli
370 2704 402 2764 ot
432 2701 608 2765 diuinarum
637 2701 764 2765 fioribus
795 2703 965 2784 gratiarum
1000 2701 1094 2765 mella
1128 2701 1300 2784 sapientiae

161 2805 374 2885 condiderunt,
398 2824 444 2886 ac,
468 2807 494 2869 si
518 2824 589 2869 esca
613 2806 651 2869 ab
675 2824 726 2868 ore
751 2805 868 2869 edentis
893 2806 1008 2884 orient,
1031 2805 1104 2886 quia
1125 2806 1210 2889 prius
1227 2805 1301 2868 effo-

161 2928 213 2973 rae
240 2910 297 2973 deo
325 2910 466 2974 nationes
493 2915 652 2991 receptum
681 2910 729 2973 dei
756 2909 888 2973 uerbum
911 2910 995 2972 fideli
1022 2910 1113 2974 eorde
1140 2915 1299 2973 sumentes

108 3039 134 3079 ra
161 3014 298 3078 fructum
322 3015 430 3078 salutis
455 3014 615 3078 ediderint.
651 3015 703 3095 qui
732 3032 806 3077 uero
830 3014 988 3079 Christum
1012 3014 1111 3096 magis
1134 3014 1165 3076 in
1190 3013 1299 3077 eodem

163 3118 221 3181 sihi
243 3119 342 3198 leone,
366 3122 541 3202 proponunt
566 3117 675 3182 Samso
698 3118 883 3182 Iudaeorum
915 3118 1058 3201 figuram,
1089 3118 1236 3182 uidelicet
1266 3120 1301 3180 ut

162 3222 250 3286 illum
285 3223 408 3287 leonem
440 3223 530 3304 quasi
565 3222 724 3287 Christum
755 3223 890 3286 Iudaeus
926 3222 1082 3302 occiderit,
1113 3222 1144 3286 id
1179 3240 1300 3305 quoque

162 3327 364 3410 adsignantes
392 3328 541 3410 mysticae
564 3328 801 3410 praeparationi,
830 3328 911 3409 quod
941 3346 976 3392 eo
998 3310 1197 3411 potissimum
1220 3329 1300 3391 tem·

161 3449 244 3513 pore,
276 3449 336 3511 quo
363 3431 542 3514 coniugium
570 3431 705 3514 petebat,
737 3436 876 3512 optatam
903 3432 1038 3512 potentis
1065 3431 1174 3495 beluae
1202 3431 1301 3514 egerit

267 3645 292 3715 1]
313 3645 388 3712 (cen.
403 3647 426 3712 a,
442 3647 491 3714 ra).
547 3647 590 3715 ra]
610 3648 664 3708 res.
679 3648 719 3709 oe,
734 3649 767 3712 5).
824 3646 866 3716 15]
887 3647 979 3714 (luere.
996 3649 1036 3712 rr,
1049 3650 1082 3716 ep.

205 3849 220 3900 7
239 3843 337 3899 delicto
356 3848 424 3901 coni.
438 3846 558 3912 Lehran‚
577 3862 655 3899 carisa
673 3848 713 3914 M,
732 3846 781 3900 deo
794 3853 839 3902 cet.
896 3850 912 3903 8
931 3851 1036 3917 ceperat
1049 3849 1101 3914 Po,
1120 3850 1242 3915 coeperat
1254 3853 1300 3903 eet.

162 3932 288 3986 exindev
344 3935 373 3988 ll
395 3933 438 3999 qui
458 3933 488 3986 F
538 3935 570 3989 14
590 3932 685 3985 debeat
706 3935 733 3987 U
784 3937 815 3989 19
834 3932 951 4001 plerique
969 3933 1083 4002 figuram
1102 3935 1139 3989 Μ
1187 3935 1220 3989 23
1239 3949 1300 3987 con-

163 4016 252 4071 didere
271 4018 355 4074 FPU
413 4019 447 4088 si]
467 4020 504 4071 sie
523 4020 614 4074 LMU
663 4023 696 4074 25
716 4019 849 4073 ediderint
871 4021 899 4082 0,
924 4019 1065 4073 ediderunt
1087 4027 1131 4075 cet.
1204 4019 1253 4073 sibi
1272 4020 1300 4073 in

163 4104 253 4159 eodem
273 4107 310 4160 M
376 4108 410 4160 26
427 4110 580 4174 proponunt
597 4107 632 4173 F,
650 4111 803 4175 proponunt
822 4105 914 4160 dlount
932 4108 969 4161 M
1036 4123 1122 4159 samso
1145 4107 1175 4172 O,
1194 4122 1300 4160 samson

163 4192 197 4258 L,
215 4208 293 4245 senso
311 4193 400 4260 FPU,
419 4209 514 4245 sanson
535 4195 576 4260 M,
595 4209 744 4246 samsonem
764 4213 780 4248 v
845 4193 984 4247 iudeorum
1003 4210 1059 4247 esse
1078 4196 1114 4248 M
1174 4200 1205 4247 ut
1222 4211 1255 4249 ec
1273 4196 1301 4248 et

163 4276 270 4334 Forat>
332 4281 364 4335 27
383 4277 485 4331 leonem
504 4297 554 4334 om.
574 4279 658 4337 FPU
708 4279 770 4348 xpm
789 4281 827 4346 (ru
846 4282 877 4336 ta
895 4280 961 4347 rar.)
980 4281 1006 4335 L
1059 4283 1093 4336 29
1111 4280 1238 4351 optabam
1256 4280 1299 4337 [⁴¹¹
