3036 4770
159 275 222 341 266
493 297 518 350 S.
532 297 664 351 Paulini
684 297 803 352 Nolani
822 299 968 367 episcopi

159 475 307 535 creatus
336 473 406 553 θεῖ,
436 474 524 537 onius
552 474 657 558 imago
687 475 830 540 caelestis
862 479 923 556 est,
955 475 1186 559 deponentes
1216 494 1298 540 eum

158 576 219 658 qui
238 577 487 661 corrumpitur
506 581 706 644 secundum
728 581 914 644 desideria
935 581 1081 644 erroris.
1106 580 1200 644 huius
1220 582 1299 645 ima·

157 680 262 763 ginem
293 681 326 746 in
357 701 417 762 mc,
452 701 578 764 quaeso,
609 685 685 748 deus
715 687 856 748 conterat
886 687 916 748 et
946 685 985 748 ad
1016 685 1149 748 nihilum
1179 685 1301 768 redigat

158 786 327 869 imaginem
358 791 497 852 nostram
524 789 555 852 id
583 793 630 853 est
653 792 809 853 terrenam
837 790 868 852 in
895 789 1023 852 ciuitate
1046 789 1300 854 circumstantiae

158 894 190 954 et
215 891 370 955 instauret
395 893 427 955 in
455 891 544 956 nobis
573 898 666 974 atque
692 892 833 976 perficiat
858 893 1029 976 imaginem
1053 911 1153 974 suam,
1183 894 1214 957 in
1238 913 1300 975 qua
1338 921 1351 960 s

158 1012 214 1059 nos
245 995 329 1078 pingi
360 1014 422 1060 non
449 996 554 1079 pudet,
586 1015 680 1079 qnam
711 998 922 1080 praeferentes
953 1017 1026 1061 uere
1057 997 1210 1061 dicamus:
1242 998 1300 1062 de-

158 1099 250 1164 fecit
277 1117 337 1163 cor
364 1119 483 1164 meum
512 1104 547 1165 et
573 1120 656 1166 caro
680 1120 772 1183 mea,
804 1102 892 1165 deus
916 1103 1039 1166 cordis
1063 1103 1132 1166 mei
1156 1106 1191 1166 et
1213 1121 1299 1185 pars

158 1222 238 1267 mea
260 1204 348 1267 deus
371 1205 407 1268 in
431 1206 590 1269 saccula.
633 1225 704 1270 eum
728 1207 813 1270 enim
836 1205 919 1271 bona
941 1207 1195 1286 commutatione,
1219 1225 1300 1288 quae

158 1310 206 1371 est
228 1307 349 1373 homini
372 1309 516 1374 dexterae
540 1311 662 1391 excelsi,
695 1311 845 1375 defecerit
870 1329 922 1376 cor
949 1329 1054 1375 meum
1082 1315 1113 1375 et
1135 1329 1205 1374 earo
1229 1330 1302 1375 mea

157 1412 188 1476 id
212 1415 260 1476 θεῖ
282 1415 371 1478 actus
394 1415 566 1478 uoluntatis
590 1419 621 1479 et
643 1416 764 1479 fructus
791 1417 893 1480 carnis
917 1432 1016 1494 meac,
1047 1420 1115 1480 tum
1137 1415 1200 1480 iam
1224 1418 1302 1479 uta
1328 1447 1355 1484 ιο

158 1517 313 1600 corporeis
333 1516 464 1582 nexibus
479 1518 559 1582 liber
580 1522 611 1583 et
631 1537 649 1582 a
667 1537 737 1584 meo
758 1521 849 1584 cordo
864 1523 1016 1603 purgatus
1032 1520 1133 1583 dicere
1152 1520 1301 1583 audeam:

159 1621 247 1685 deus
276 1623 397 1687 cordis
425 1623 496 1687 mei
524 1627 559 1687 θῖ
585 1641 671 1706 pars
699 1642 779 1688 mea
801 1626 891 1688 deus
920 1625 1138 1695 insaecula.
1178 1625 1302 1688 utinam

158 1727 339 1809 conpleatur
368 1727 400 1791 in
431 1747 482 1792 me
512 1728 645 1792 uerbum
675 1729 751 1792 illud
782 1730 954 1812 euangelici
978 1729 1149 1812 Symeonis,
1180 1732 1216 1793 nt
1245 1727 1304 1793 fiat

158 1830 237 1894 mihi
265 1829 436 1896 Christus
466 1833 501 1897 in
532 1833 678 1897 ruinam
711 1837 747 1897 et
776 1835 1106 1913 resurrectionem,
1136 1835 1227 1896 ruina
1249 1852 1304 1896 ex-

158 1935 263 1999 teriori
284 1954 354 2000 meo
378 1939 410 2000 et
432 1937 570 2001 interiori
591 1937 787 2018 resurrectio,
819 1942 854 2002 ut
880 1939 971 2002 cadat
997 1939 1029 2002 in
1053 1957 1103 2001 me
1125 1940 1303 2019 peecatum,
1332 1968 1358 2007 ιθ

158 2039 238 2121 quod
267 2041 372 2104 anima
400 2042 529 2105 cadente
557 2042 709 2122 consistit,
741 2045 772 2106 et
799 2048 929 2125 exurgat
955 2043 1009 2106 ille
1032 2041 1216 2121 inmortalis,
1248 2043 1304 2122 qui

159 2144 269 2208 cecidit
289 2149 457 2228 exurgente
472 2148 610 2228 peccato.
635 2146 796 2210 exterioris
817 2147 901 2209 enim
921 2149 1022 2210 status
1039 2146 1192 2210 interioris
1209 2163 1304 2210 casus

159 2251 217 2328 est,
249 2252 280 2312 et
310 2249 378 2314 ideo
410 2250 532 2331 quando
563 2251 780 2314 infirmatur
811 2252 986 2330 exterior,
1021 2251 1084 2332 qni
1113 2251 1214 2313 intus
1246 2253 1305 2314 est

160 2356 361 2417 renouatur
388 2354 430 2417 de
458 2354 577 2418 disin
606 2355 711 2418 diem.
749 2372 808 2436 quo
835 2374 949 2438 genere
972 2355 1128 2436 perlectus
1151 2352 1305 2436 magister

161 2457 218 2521 ait:
243 2458 388 2539 quando
411 2458 597 2540 infirmor,
621 2463 709 2522 tunc
731 2462 864 2542 potens
888 2477 977 2522 sum.
1332 2489 1359 2526 20

204 2561 233 2625 6.
258 2560 382 2627 Gratias
414 2566 518 2626 antem
547 2551 682 2644 domino,
713 2564 795 2645 quod
821 2563 951 2646 perenni
981 2563 1083 2645 magis
1115 2566 1146 2625 et
1177 2562 1306 2626 uiuente

159 2666 281 2749 pictura
313 2666 466 2749 imagines
500 2672 623 2732 nostras
657 2686 719 2732 non
753 2669 785 2730 in
819 2667 934 2732 tabulis
968 2665 1168 2750 putribilibus
1202 2684 1306 2748 neque

161 2770 239 2833 ceris
273 2770 478 2852 liquentibuS,
517 2771 579 2836 sed
612 2772 650 2835 in
683 2772 825 2835 tabulis
860 2770 1076 2835 carnalibus
1111 2770 1233 2834 cordis
1257 2771 1306 2833 tui

160 2874 268 2959 pinxit,
299 2875 354 2939 ubi
380 2894 437 2940 nos
463 2877 621 2959 inpressos
649 2879 680 2940 et
703 2877 827 2939 animae
849 2880 922 2940 tuac
946 2876 1155 2939 conformatos
1178 2873 1251 2938 fidei
1274 2877 1307 2938 et

159 2979 278 3064 gratiae
298 2980 417 3045 unitate
437 2981 623 3061 custodiens,
648 2999 709 3045 non
731 2981 832 3044 solnm
853 2981 923 3044 istie
942 2979 997 3043 sed
1018 2980 1110 3043 etiam
1127 2980 1159 3043 in
1176 2983 1304 3044 aeterno
1332 3009 1360 3047 ss

160 3086 284 3150 saeculo
311 3084 474 3149 indiuidua
500 3104 683 3167 semperque
705 3085 864 3168 praesenti
891 3084 1154 3166 contemplatione
1181 3085 1306 3167 conspi-

161 3190 233 3254 cies.
272 3189 322 3254 hio
353 3190 458 3270 etiam,
489 3191 515 3253 si
542 3192 649 3254 tantus
677 3207 765 3254 amor
793 3193 841 3253 est
866 3188 1004 3253 nisibilia
1029 3206 1150 3271 quoque
1178 3194 1305 3272 captare

265 3423 291 3493 l]
311 3423 378 3492 Eph.
392 3425 416 3487 4,
429 3425 470 3478 22.
516 3423 545 3492 3]
565 3422 589 3491 (l
608 3422 667 3478 Cor.
683 3426 722 3488 15,
737 3424 790 3491 49).
837 3423 865 3492 5]
885 3421 1060 3491 (Petaso).
1106 3421 1134 3490 6]
1154 3421 1196 3474 Ρε.
1208 3423 1250 3486 72,
1261 3424 1304 3477 26.

161 3511 189 3580 8]
208 3510 262 3577 (Ρε.
276 3514 317 3574 76,
332 3510 383 3578 11).
456 3511 500 3580 12]
519 3509 563 3564 Ps.
578 3513 619 3573 72,
632 3512 674 3565 26.
747 3511 791 3580 14]
810 3509 874 3564 Luc.
888 3512 913 3573 2,
926 3511 968 3565 34.
1042 3507 1247 3578 181HCor.4,
1262 3512 1304 3564 16.

161 3597 207 3668 20]
225 3597 254 3651 Π
272 3597 331 3653 Gor.
347 3600 388 3666 12,
401 3601 442 3654 10.
495 3597 541 3666 23]
560 3597 589 3651 Il
608 3596 666 3652 Cor.
680 3599 705 3660 3,
718 3597 743 3652 3.

204 3819 379 3886 2corruptus
397 3821 438 3871 est
456 3817 494 3871 M
541 3814 869 3871 lcircnminstantian
927 3813 1053 3869 tidelicit
1076 3816 1103 3871 U
1160 3812 1304 3885 9dextere

166 3905 196 3972 0,
214 3921 230 3958 a
248 3904 355 3958 dextera
373 3911 418 3960 cet.
475 3906 507 3958 10
526 3906 601 3957 actus
620 3902 768 3956 uoluntatis
787 3921 837 3958 oni.
861 3903 888 3958 U
938 3901 991 3954 iam
1010 3920 1060 3957 oni.
1085 3902 1112 3957 U
1169 3903 1200 3953 nt
1218 3899 1245 3968 a]
1265 3901 1306 3953 ita

162 3992 247 4048 FPU
296 3993 326 4047 ll
347 3991 464 4060 corporis
483 3991 540 4046 FP
593 3993 625 4047 13
643 3988 775 4057 euangelii
794 3989 825 4043 F
878 3988 1004 4042 simeonis
1022 3989 1109 4045 FLU
1167 3990 1199 4041 14
1217 3986 1257 4056 et]
1277 3990 1305 4040 et

161 4080 190 4133 in
207 4081 272 4135 ΒΜ
329 4082 361 4135 21
382 4078 490 4133 domino
513 4079 565 4146 Oa,
583 4077 632 4131 dco
651 4084 697 4133 oct.
759 4076 910 4144 peremiU
967 4078 1002 4130 23
1020 4075 1102 4128 cercis
1120 4075 1151 4129 F
1199 4075 1233 4127 24
1252 4073 1305 4126 im·

161 4181 253 4236 prcxos
276 4168 302 4222 U
362 4166 415 4220 fide
433 4166 546 4222 FOPU
606 4167 640 4220 25
658 4163 721 4218 istic
743 4164 786 4218 Oo
804 4170 829 4219 et
847 4167 910 4224 fort.
930 4162 988 4231 Μ’,
1007 4163 1060 4217 ista
1077 4168 1122 4218 cet.
1187 4163 1305 4215 260011-

161 4252 275 4324 spicicns
294 4253 379 4311 FOU
