3036 4770
161 308 222 373 136
490 328 661 384 S.Paulini
679 330 800 385 Nolani
818 333 964 401 episcopi

159 523 281 569 currere
305 507 441 588 coeperis
465 524 483 570 a
506 510 640 572 corona?
671 509 752 589 quis
777 509 882 574 daret
904 509 1010 573 uobis
1033 528 1173 592 pennas
1201 510 1300 573 sicut

158 610 375 674 columbae?
405 615 442 675 et
468 611 681 676 uolaremus
712 613 750 676 ad
781 616 813 677 te
843 617 881 677 et
910 615 1232 695 requiesceremus
1266 615 1300 678 in

158 718 326 797 conspectu
353 715 528 780 sanct'tatis
556 721 638 796 tuae,
669 735 773 782 coram
801 719 833 780 in
860 736 912 782 ore
940 722 993 782 tuo
1017 717 1176 782 Christum
1200 718 1300 783 domi-

157 837 235 894 num
261 820 451 884 admirantes
479 825 572 901 atque
602 827 800 903 uenerantes,
815 829 817 833 '
832 826 1022 906 tergeremus
1054 823 1173 904 capillis
1203 822 1300 904 pedes

158 922 243 987 illius
265 924 297 987 in
319 925 382 989 tuis
405 925 538 1008 pedibus
567 929 598 990 et
619 926 757 991 lacrimis
784 928 960 1010 rigaremus
984 930 1015 990 et
1036 928 1068 990 in
1091 927 1153 990 illis
1177 926 1300 991 cicatri-
1343 948 1357 986 s

158 1027 247 1092 cibus
269 1028 331 1092 tuis
352 1030 441 1111 quasi
461 1031 632 1095 dominicae
651 1031 804 1113 passionis
827 1033 968 1114 inpressa
991 1031 1125 1115 uestigia
1143 1030 1301 1094 lambere·

160 1151 240 1196 mus.
279 1134 454 1198 suariora
481 1135 578 1198 enim
606 1139 693 1200 sunt
721 1136 877 1200 uulnera
905 1136 1014 1200 amici
1036 1153 1144 1217 quam
1171 1135 1302 1200 oscula

159 1237 311 1302 inimici.
363 1257 429 1302 uae
466 1239 556 1303 mihi
593 1241 728 1304 misere
765 1242 954 1322 peccatori
987 1240 1166 1304 inmunda
1199 1239 1302 1303 labia

159 1340 328 1422 habenti,
359 1344 408 1407 cui
431 1343 551 1408 fructus
579 1344 639 1408 iste
667 1363 729 1408 non
756 1345 896 1427 contigit,
927 1363 999 1409 eum
1021 1346 1053 1408 in
1077 1362 1174 1408 manu
1195 1343 1300 1407 fuerit.

203 1443 232 1510 9.
261 1446 447 1511 Meminisse
475 1448 559 1511 enim
586 1448 677 1512 crede
705 1449 853 1533 dignaris,
884 1449 957 1531 quia
984 1449 1185 1513 sanctitatem
1211 1451 1302 1511 tuam
1329 1472 1356 1510 ιο

160 1552 234 1615 olim
258 1551 397 1616 Viennae
430 1553 511 1634 apud
537 1553 666 1617 beatum
693 1558 813 1637 patrem
844 1558 987 1618 nostrum
1009 1553 1185 1617 Martinam
1215 1552 1303 1616 uide-

160 1656 230 1736 rim,
258 1656 307 1720 eui
329 1660 360 1720 te
383 1657 528 1722 deminus
551 1658 583 1721 in
606 1662 709 1723 aetate
732 1659 832 1741 inpari
854 1678 963 1740 parem
985 1659 1070 1722 fecit.
1109 1676 1145 1721 ex
1168 1657 1221 1721 illo
1244 1657 1304 1740 igi·

161 1764 212 1824 tur
238 1761 310 1825 licet
338 1760 427 1826 breui
457 1763 569 1827 notitia
597 1766 628 1826 te
659 1763 827 1846 attigerim,
859 1767 965 1827 tamen
995 1780 1111 1846 magna
1138 1761 1302 1825 dilectione

161 1865 328 1949 conplexus
364 1885 434 1930 sum
469 1871 500 1930 et
530 1871 648 1949 quanta
679 1871 754 1931 tunc
785 1868 874 1931 licuit
907 1868 997 1949 copia
1030 1869 1196 1930 ueneratus
1230 1884 1302 1929 snm

161 1971 364 2035 sanctitatem
383 1974 470 2035 tuam
495 1976 526 2035 et
548 1991 599 2034 me
619 1989 655 2035 ac
675 1990 772 2051 meos,
796 1973 848 2053 qui
868 1976 899 2035 te
920 1971 1077 2051 absentes,
1102 1974 1208 2034 tamen
1229 1970 1302 2050 quia
1330 1992 1356 2031 rs

160 2075 308 2158 iungente
333 2074 456 2141 Christo
479 2095 576 2139 unum
600 2095 719 2155 sumna,
743 2096 798 2159 per
821 2095 871 2139 me
894 2075 1052 2155 uidebant,
1084 2073 1304 2139 commendaui

160 2180 193 2243 in
217 2183 380 2244 aeternum
402 2179 470 2260 tibi,
494 2180 675 2263 gaudeoque
699 2199 792 2260 nunc,
816 2180 898 2262 quod
918 2180 976 2245 hoc
999 2180 1112 2243 saltem
1135 2177 1212 2242 milri
1235 2177 1303 2260 glo-

161 2283 234 2347 riari
264 2283 346 2363 licet,
382 2284 453 2365 quia
482 2284 595 2348 faciem
625 2288 713 2349 tuam
746 2285 779 2348 in
813 2303 905 2348 carne
938 2283 1086 2364 uiderim,
1121 2282 1176 2346 sed
1209 2281 1302 2364 lugeo

162 2387 397 2471 neglegentiam
427 2388 617 2452 infelicitatis
648 2408 746 2470 meae,
778 2389 860 2470 qnod
890 2389 1085 2453 occasionem
1115 2387 1196 2451 tanti
1226 2384 1303 2450 boni

72 2553 74 2556 ,
162 2493 288 2577 ignarus
323 2493 482 2557 amiserim
517 2497 548 2557 et
576 2493 872 2558 contenebrantibus
901 2513 952 2557 me
983 2493 1035 2557 illo
1066 2497 1206 2573 ternpore
1239 2508 1302 2555 non
1330 2513 1357 2553 so

163 2597 265 2661 solum
288 2598 434 2680 peccatis,
458 2597 569 2678 quibus
594 2598 689 2662 etiam
711 2616 795 2662 nunc
816 2615 950 2681 premor,
973 2598 1027 2661 sed
1051 2601 1083 2660 et
1105 2595 1187 2660 curis
1208 2594 1302 2658 huius

163 2701 290 2781 saeculi,
320 2701 433 2784 quibus
463 2721 546 2766 nuuc
576 2702 707 2785 propitio
739 2703 796 2766 deo
826 2701 904 2766 liber
935 2720 1016 2781 sum,
1047 2700 1241 2764 sacerdotem
1270 2701 1302 2763 te

163 2808 298 2885 tautum,
321 2806 403 2888 quod
421 2807 453 2869 in
474 2807 576 2872 medio
597 2811 673 2887 erat,
697 2807 829 2871 uiderim
850 2810 890 2887 et,
913 2806 996 2889 quod
1016 2805 1118 2869 inerat
1136 2803 1302 2887 insignius,

163 2912 333 2992 martyrem
357 2912 465 2974 uiuum
488 2911 594 2976 uidere
617 2912 791 2976 nescierim.

179 3055 181 3060 ·
210 3011 258 3077 10.
283 3014 477 3095 Memineris‚
505 3034 621 3098 quaeso
644 3020 685 3096 te,
716 3017 813 3080 nestri
836 3015 868 3079 in
892 3015 946 3078 illa
969 3015 1027 3094 die,
1055 3031 1117 3095 qua
1139 3012 1178 3076 ad
1200 3016 1233 3076 te
1255 3011 1303 3076 in-
1330 3035 1357 3075 n

164 3136 296 3182 numera
323 3119 504 3183 meritorum
532 3123 658 3184 tuorum
686 3120 810 3183 cohorte
839 3120 1023 3183 comitatum
1050 3115 1304 3197 ornamentisque

164 3221 308 3287 felicibus
336 3228 497 3306 comptum
523 3227 554 3288 et
581 3224 688 3287 infulis
712 3224 827 3307 pariter
853 3227 946 3305 atque
973 3221 1093 3286 adoreis
1120 3222 1303 3285 coronatum

165 3329 197 3390 et
219 3328 327 3391 niueas
351 3331 546 3392 sacratorum
568 3328 746 3392 antistitum
768 3328 864 3392 uittas
888 3330 920 3390 et
942 3325 1065 3392 floridas
1088 3325 1303 3389 confessorum

164 3449 319 3514 purpuras
342 3433 570 3497 occurrentium
593 3451 705 3496 manus
722 3431 865 3496 adferent
880 3432 1063 3515 angelorum
1085 3433 1176 3511 teque
1198 3430 1304 3512 ipsum

209 3604 234 3675 1]
253 3605 389 3671 esser.
443 3605 471 3674 s]
490 3604 665 3674 (naccae).
714 3605 742 3674 r]
761 3605 934 3667 araucas.
982 3602 1011 3672 e]
1028 3602 1072 3656 ns.
1085 3605 1110 3667 e,
1122 3604 1146 3658 5.

210 3764 266 3819 lsi
284 3763 343 3831 quis
361 3765 405 3818 acl
424 3762 567 3826 columbae,
586 3767 617 3816 ut
636 3761 786 3816 coleremus
804 3769 922 3831 expectes
983 3759 1098 3815 adeum
1116 3760 1170 3814 Mo
1226 3762 1302 3828 bpr.

165 3850 193 3904 in
221 3869 272 3906 cm.
300 3852 323 3906 Ο
393 3852 408 3904 7
436 3850 530 3904 suauis
557 3850 592 3916 L,
623 3850 712 3903 suauis
739 3850 774 3916 F,
804 3849 912 3902 suauius
940 3848 997 3904 PU
1063 3848 1127 3899 sunt
1153 3863 1203 3901 om.
1222 3845 1309 3902 FPU

165 3938 332 4006 9coutingit
354 3940 380 3993 U
432 3941 462 3993 11
482 3940 547 4006 aput
565 3937 592 3990 L
644 3937 844 4003 martynumO
899 3938 930 3990 12
948 3938 975 3988 te
993 3932 1091 3990 cm.O
1143 3932 1185 4000 ex]
1204 3935 1232 3985 et
1250 3932 1309 3988 FU

167 4027 199 4081 16
218 4025 371 4094 ingenteO
426 4029 456 4080 17
476 4024 565 4077 saltim
584 4024 610 4078 L
662 4025 694 4078 21
716 4023 753 4091 et]
773 4022 854 4075 etiarn
872 4022 957 4078 FPU
1005 4022 1040 4075 23
1058 4022 1116 4072 erat
1134 4019 1171 4072 M
1223 4020 1257 4074 25
1277 4019 1305 4071 iu

166 4112 212 4165 illc
231 4112 259 4165 in
278 4113 324 4166 illa
342 4111 393 4180 1),
411 4112 438 4164 in
457 4111 504 4164 illo
522 4111 607 4166 FPU
665 4108 698 4162 ad
717 4110 813 4177 Recto,
832 4127 883 4164 cm.
903 4128 924 4159 ω
985 4107 1024 4176 te]
1042 4105 1092 4160 tibi
1111 4106 1149 4159 M
1208 4107 1242 4160 26
1262 4121 1305 4159 co·

166 4199 240 4251 berte
262 4198 299 4251 0¹
353 4199 479 4251 concitato
498 4198 616 4253 FMPU
674 4198 707 4251 27
726 4199 832 4264 compto
851 4197 888 4250 M
940 4196 1065 4247 coronato
1082 4193 1121 4247 Μ
1177 4193 1212 4248 28
1230 4195 1306 4245 ante-

167 4288 308 4342 11111ωο
360 4287 454 4339 llorida
472 4286 560 4350 FPU,
580 4283 716 4338 florideO
768 4285 802 4338 29
820 4298 937 4352 purpura
955 4280 1056 4337 FP’U
