3036 4770
209 269 269 332 112
538 288 563 341 S.
577 289 707 343 Paulini
727 289 846 343 Nolani
864 291 1009 360 episcopi

250 464 278 528 3.
303 464 392 528 Vnde
416 483 470 547 pro
494 466 569 548 ipsis
592 465 741 529 fratribus
765 467 890 547 nostris,
921 486 999 548 quos
1026 473 1098 532 ante
1123 471 1225 551 rogari
1248 487 1348 552 popo-

207 589 375 649 sceramus,
406 589 488 634 nuno
515 570 756 634 unanimitatem
786 575 925 634 nestram
948 572 1095 654 petimus
1125 576 1162 637 ut
1186 590 1238 636 eos
1263 574 1350 638 ultra

207 676 335 749 solitum
354 674 502 739 affectum
518 675 655 757 diligatis
676 678 707 738 et
728 676 754 738 si
769 676 849 739 forte
868 676 928 757 ipsi
946 676 1156 759 Burdigalam,
1180 680 1215 740 ut
1234 678 1349 758 solent,

208 779 360 859 uenerint,
383 778 601 861 praesentibus
620 780 738 862 gratias
762 780 856 843 etiam
877 780 913 842 de
937 785 1113 844 nostrorum
1137 800 1288 845 sensuum
1313 801 1350 847 ac

208 885 364 948 uiscerum
388 883 552 947 affectione
575 883 721 947 reddatis.
761 887 816 948 aut
838 885 864 947 si
888 885 978 949 tarda
1000 885 1094 949 luerit
1117 902 1224 949 corum
1247 887 1350 968 copia,
1390 913 1411 953 5

208 988 400 1071 cumprime
423 988 559 1052 adfuerit
581 988 710 1068 occasio,
735 988 909 1071 dignamini
933 990 977 1053 eis
996 989 1240 1072 gratulationem
1260 989 1350 1054 debi-

208 1098 273 1158 tam
297 1095 329 1157 et
350 1093 495 1156 meritam
514 1092 765 1156 benedictionem
786 1094 885 1175 operis
906 1094 954 1157 sui
976 1094 1110 1174 mittere,
1135 1097 1169 1157 ut
1192 1094 1295 1159 sciant
1318 1099 1351 1159 et

207 1197 395 1280 intellegant
425 1215 518 1279 quam
549 1200 711 1279 acceptum
739 1197 795 1261 deo
824 1196 1011 1261 sacrific-inm
1039 1198 1181 1261 dederint
1206 1199 1266 1262 hac
1294 1198 1352 1263 ob-

208 1302 361 1366 oedientia
392 1300 462 1363 fidei
495 1319 583 1381 suae,
622 1319 757 1382 quacum
786 1302 968 1383 petitionem
1004 1306 1143 1366 nostram
1177 1303 1208 1365 in
1242 1308 1351 1368 uestro

208 1407 386 1470 interuentu
410 1404 580 1469 exorabiles
604 1410 798 1486 receperunt,
826 1405 914 1469 uobis
938 1407 1061 1488 quidem
1085 1407 1235 1490 gandium
1257 1425 1351 1489 prae·
1379 1434 1404 1473 ro

210 1530 281 1574 sens
313 1510 349 1572 de
378 1528 435 1573 sua
463 1511 625 1574 deuotione
648 1516 853 1592 praestantes,
878 1511 931 1573 sed
956 1512 1049 1574 saluti
1081 1529 1155 1574 suae
1186 1515 1351 1576 aeternum

209 1614 406 1678 commodum
427 1615 636 1697 prouidentes.
661 1633 734 1678 nam
758 1616 817 1678 etsi
837 1616 974 1679 debitum
996 1616 1128 1680 fecerint
1150 1617 1351 1698 agnoscendo

209 1719 376 1800 iustitiam,
410 1723 446 1782 ut
475 1719 613 1782 alienum
643 1720 729 1782 reddi
760 1719 919 1800 iuberent,
953 1723 1058 1784 tamen
1089 1720 1190 1803 gratia
1218 1720 1351 1803 largiter

208 1823 352 1887 habende
381 1823 468 1906 digni
503 1828 577 1887 sunt
606 1842 661 1905 pro
696 1825 762 1905 ipso
792 1824 892 1887 bonae
927 1824 1098 1888 uoluntatis
1130 1823 1253 1905 effectu,
1289 1844 1352 1907 quo

210 1931 379 2011 potueruut
407 1928 581 2010 transgredi
604 1931 635 1991 et
657 1946 719 1991 non
743 1933 816 1991 suut
842 1929 1029 2011 transgressi
1056 1933 1088 1992 et
1114 1928 1294 1993 maluerunt
1318 1930 1350 1993 id
1380 1953 1403 1990 n

211 2034 322 2113 facere,
349 2033 430 2114 quod
455 2031 638 2113 expediebat
661 2051 755 2114 qnam
779 2033 860 2114 quod
887 2032 1010 2113 licebat,
1042 2037 1073 2096 et
1099 2032 1181 2115 quod
1205 2037 1270 2096 tam
1295 2033 1351 2098 ab·

213 2139 313 2202 soluto
344 2140 375 2201 et
401 2154 478 2219 puro
505 2138 594 2200 eorde
622 2137 710 2200 nobis
737 2156 845 2219 parere
872 2138 989 2221 dignati
1016 2141 1099 2218 sunt,
1130 2140 1165 2201 ut
1190 2137 1228 2201 de
1255 2137 1352 2202 bene-

211 2243 281 2307 licio
305 2260 410 2305 eorum
434 2241 585 2323 disputari
609 2240 669 2304 non
693 2246 809 2324 posset,
832 2241 1080 2323 quandoquidem
1104 2242 1232 2305 domum
1259 2260 1352 2306 snam

213 2349 320 2410 sancto
354 2345 549 2427 presbytero,
588 2346 709 2408 etiamsi
743 2345 900 2427 propriam
934 2364 995 2409 non
1030 2345 1189 2428 probaret,
1226 2346 1351 2411 restitui

212 2457 317 2516 tamen
342 2451 409 2514 sine
432 2450 615 2513 difficultate
638 2451 807 2529 iusserunt,
839 2454 874 2513 ut
896 2469 976 2530 eam,
1008 2450 1034 2513 si
1058 2450 1095 2514 do
1119 2467 1174 2514 suo
1198 2449 1264 2513 inre
1287 2469 1352 2515 non
1379 2474 1404 2512 n

212 2559 329 2638 posset,
359 2555 397 2617 de
428 2554 551 2618 illorum
580 2559 686 2618 tamen
714 2574 842 2618 munere
866 2555 1047 2636 possideret.
1086 2572 1186 2636 neque
1208 2555 1353 2636 perdide-

212 2665 286 2724 runt
316 2660 408 2724 huius
440 2662 504 2722 tam
536 2664 661 2722 sanctae
691 2659 888 2723 liberalitatis
919 2659 1067 2742 gratiam;
1103 2677 1176 2722 nam
1207 2658 1255 2721 uir
1283 2659 1353 2741 ipse

214 2766 440 2844 sanctissimus
475 2765 524 2828 cui
555 2764 699 2827 dominns
734 2764 819 2826 iuxta
853 2763 1000 2826 meritum
1035 2781 1091 2826 uos
1121 2763 1353 2827 interuentores

213 2869 358 2952 prouidit,
381 2871 426 2933 ite
440 2868 616 2951 gratulat-ur
636 2872 666 2930 et
680 2868 847 2949 praedicat,
868 2872 1030 2948 tamquam
1045 2864 1219 2930 indebitum
1234 2885 1353 2930 munus

214 2975 375 3055 acceperit.
411 2973 465 3037 sed
491 2972 566 3054 ipsis
589 2971 738 3036 fratribus
765 2972 880 3034 nostris
905 2971 995 3034 nrodo
1018 2970 1206 3054 respondere
1229 2970 1354 3034 distuli·
1380 2993 1405 3033 es

215 3096 295 3157 mus,
326 3078 400 3158 quia
429 3096 483 3160 per
513 3078 650 3158 ipsorum
678 3077 820 3140 homines
851 3075 975 3157 saepius
1006 3075 1043 3137 de
1067 3073 1239 3157 Campania
1268 3091 1355 3137 corn·

215 3185 355 3245 meantes
386 3181 598 3264 oportuniores
622 3180 797 3244 occasiones
821 3196 883 3242 non
907 3178 1047 3259 deerunt,
1079 3195 1159 3260 quae
1182 3177 1290 3241 statim
1315 3177 1355 3240 ad

214 3288 309 3369 ipsoS,
333 3284 520 3367 ubicumque
544 3289 626 3364 suut,
650 3285 793 3367 dirigant.

321 3511 364 3580 15]
384 3509 474 3575 (Eccli.
487 3512 528 3571 31,
545 3511 594 3576 10).

259 3667 384 3788 trogali
412 3718 451 3786 (lr
468 3737 500 3792 m.
519 3719 546 3785 2)
569 3720 610 3784 M,
633 3717 770 3785 rogareO
839 3717 994 3785 bpetimus
1016 3719 1133 3769 uestram
1156 3716 1183 3769 U
1249 3715 1355 3770 3solu-

216 3811 274 3860 tum
298 3809 323 3863 U
384 3804 592 3872 3burdegalanr
611 3804 687 3859 ΗΜ
747 3804 826 3872 lde]
847 3802 880 3855 do
903 3804 926 3857 0
990 3801 1130 3856 datluerit
1148 3801 1209 3868 PU,
1228 3799 1310 3853 luerit
1329 3803 1360 3856 F

216 3897 232 3948 6
260 3893 315 3947 eius
347 3895 373 3949 U
458 3896 472 3946 7
501 3893 542 3945 sui
570 3892 688 3960 mittere]
722 3890 879 3944 submittere
911 3891 976 3944 LM
1059 3891 1076 3942 9
1107 3903 1221 3955 quacum
1247 3888 1356 3956 scripsi,

217 3995 321 4048 quaqua
351 3980 381 4047 0,
409 3995 469 4032 cum
496 3995 548 4047 qua
574 3980 698 4046 FLMU,
726 3994 778 4044 qua
805 3979 850 4030 Pe
932 3977 960 4028 in
986 3993 1036 4031 om.
1059 3974 1123 4028 LM
1202 3975 1232 4028 ll
1261 3973 1357 4027 salutis

217 4067 302 4122 FPU
357 4070 388 4122 12
406 4066 603 4120 leccnnrtLM
654 4068 685 4120 15
699 4063 814 4118 maluere
827 4064 885 4118 FU
936 4066 967 4118 17
981 4064 1043 4114 sunt
1055 4079 1105 4117 oni.
1119 4061 1178 4116 FU
1228 4062 1259 4117 18
1271 4061 1358 4129 possit

217 4154 283 4207 LM
339 4156 373 4208 22
390 4152 559 4207 liberalitatis
578 4172 601 4221 o,
619 4150 750 4205 libertatis
769 4169 789 4200 ω
851 4153 884 4204 27
904 4148 1103 4218 opportuniores
1123 4147 1179 4202 PU
1239 4147 1273 4201 28
1292 4146 1357 4200 diri·

218 4244 315 4309 gantur
332 4242 396 4295 ΕΜ
