3036 4770
221 289 282 352 164
548 305 573 358 S.
587 303 723 358 Paulini
742 302 860 357 Nolani
880 304 1025 372 episcopi

217 484 336 547 lentem
358 500 480 563 quoque
506 486 537 544 et
559 481 709 544 hordeum
734 484 766 543 et
788 481 901 543 niciam
925 481 1103 544 miscuisset
1125 480 1157 543 in
1180 479 1358 555 crumilum,

218 589 254 650 ut
288 585 504 649 aestuantibus
540 588 625 648 extra
659 586 707 647 sui
740 584 828 648 labra
862 584 1036 647 feruoribus
1067 584 1265 648 dissimilium
1300 583 1359 647 sibi

217 691 375 754 fructuum
400 688 489 770 quasi
516 693 710 772 repugnante
739 694 865 751 coctura
887 689 1034 752 fatiscens
1063 688 1150 751 rimis
1175 688 1238 752 olla
1259 687 1360 769 crepi-

218 800 307 859 taret.
332 794 533 858 nihilominus
557 797 663 856 tamen
687 792 724 854 de
747 792 943 873 paucioribus
964 792 1107 875 frugibus
1128 797 1244 855 testam
1267 808 1360 874 capa-

217 917 285 962 cem
309 898 433 980 replens
456 897 562 961 intulit
584 896 673 960 nobis
697 897 796 960 multo
819 896 926 960 nidore
946 897 1050 960 catina
1070 897 1224 960 fumantia
1242 899 1360 959 totum·
1399 916 1421 956 5

218 1021 278 1084 que
312 1020 374 1065 non
409 1002 511 1065 solum
546 1001 707 1063 mensulae
742 1004 866 1065 nostrae
898 1000 1051 1064 ambitum
1082 1001 1137 1064 sed
1168 1006 1200 1063 et
1228 999 1360 1064 cellulae

218 1111 343 1170 nostrae
367 1106 504 1188 spatium
528 1105 610 1168 olida
633 1105 765 1187 caligine
792 1105 954 1186 uaporauit
977 1110 1080 1185 atque,
1111 1109 1146 1168 ut
1169 1104 1362 1186 multiplica-

217 1216 265 1274 ret
293 1209 382 1274 nobis
405 1208 666 1288 benedictionem,
699 1209 827 1272 alterius
854 1228 976 1290 quoque
999 1209 1170 1292 prophetae
1193 1208 1361 1291 prandium

217 1314 345 1377 cenulae
378 1317 502 1377 nostrae
533 1313 673 1392 contulit,
706 1317 739 1376 ut
766 1313 880 1375 Elisaei
911 1313 999 1376 nobis
1030 1314 1125 1376 ollam
1155 1313 1297 1391 inferret,
1327 1312 1361 1375 in

217 1436 312 1500 quam
344 1417 430 1481 misit
461 1418 610 1490 farinam;
642 1436 699 1480 nec
730 1416 861 1481 herbam
896 1418 1010 1481 ueneni
1041 1418 1094 1480 sed
1125 1417 1360 1481 condimentum
1388 1441 1418 1478 ro

219 1522 328 1586 salutis
355 1522 478 1600 incoxit,
505 1522 536 1584 in
565 1521 690 1584 nomine
719 1522 833 1584 domini
862 1540 972 1603 gerens
1004 1539 1096 1585 omne
1123 1521 1203 1601 quod
1236 1521 1359 1603 agebat.

218 1643 278 1706 quo
301 1626 361 1688 tuti
384 1629 478 1706 atque
503 1626 603 1688 securi
628 1644 689 1688 non
714 1626 957 1688 exclamauimus
981 1626 1017 1688 ad
1044 1644 1129 1689 eum:
1161 1625 1267 1688 honro
1292 1625 1360 1703 dei,

219 1747 315 1793 mors
347 1731 381 1792 in
413 1730 501 1808 olla,
533 1729 605 1809 quia
633 1730 694 1791 iarn
722 1730 753 1791 in
782 1729 844 1792 olla
875 1736 981 1792 nostra
1011 1731 1077 1792 uita
1105 1734 1162 1808 est,
1192 1735 1360 1810 postquam

219 1833 362 1897 dominus
390 1833 478 1896 Iesus
506 1833 553 1895 dei
582 1833 734 1897 uerbum
763 1851 845 1897 caro
873 1834 997 1897 factus
1026 1839 1080 1896 est
1109 1839 1145 1896 ut
1171 1833 1362 1896 habitauit

218 1937 254 2001 in
286 1937 406 2011 nobis;
442 1942 473 2000 et
502 1955 579 2000 uasa
609 1936 716 2000 fictilia
748 1939 844 2001 nostri
877 1939 1013 2020 eorporis
1045 1938 1240 2001 uoluntariae
1270 1937 1360 2001 nobis
1389 1962 1413 2001 ιι

216 2042 379 2123 prauitatis
402 2041 521 2105 lubrico
545 2041 582 2103 de
606 2041 669 2103 suis
693 2041 838 2104 manibus
863 2042 969 2122 elapsa
992 2046 1023 2105 et
1045 2041 1200 2105 diuturnis
1224 2041 1361 2105 contrita

217 2145 362 2226 pecualia,
390 2145 478 2208 utin
503 2146 664 2208 meliorem
688 2165 779 2208 usum
804 2146 917 2228 figulus
941 2146 1007 2226 ipse
1030 2150 1205 2224 renouaret,
1233 2146 1361 2209 adsum·

217 2249 281 2331 psit
310 2249 341 2311 in
376 2253 476 2339 semet·
504 2250 581 2332 ipso,
613 2250 736 2312 factus
768 2256 804 2312 et
834 2250 900 2332 ipse
928 2250 965 2312 de
994 2251 1092 2313 nostri
1122 2250 1257 2331 corporis
1284 2250 1360 2313 limo

217 2359 403 2433 tamquam
428 2371 507 2431 naa,
531 2357 567 2415 ut
588 2353 641 2432 ait,
665 2354 864 2435 perditum,
888 2354 918 2416 id
943 2359 989 2416 est
1014 2353 1359 2416 insimilitudinum

219 2458 343 2520 carnis
371 2458 529 2538 peccati,
562 2462 600 2520 ut
628 2459 669 2522 de
696 2464 848 2538 peccato
871 2459 1065 2522 damnaret
1087 2463 1290 2541 peccatum.
1331 2463 1362 2520 et
1387 2482 1411 2520 rr

218 2561 286 2624 ideo
311 2561 398 2624 dicit:
429 2561 537 2625 Moab
567 2562 641 2625 olla
669 2563 746 2644 spei
771 2581 885 2641 meae,
917 2564 990 2643 quia
1013 2581 1074 2626 non
1097 2563 1199 2627 solum
1222 2581 1258 2625 ex
1281 2562 1360 2625 Iuda

219 2665 273 2729 sed
297 2685 333 2728 en
356 2664 461 2745 Moab,
492 2666 550 2731 hoc
579 2672 626 2729 est
653 2685 713 2729 non
738 2667 839 2729 solnm
863 2667 900 2729 de
924 2672 1104 2730 sanctorum
1127 2668 1181 2730 sed
1205 2667 1299 2730 etiam
1323 2667 1361 2730 de

218 2776 416 2852 peccatorum
447 2772 565 2854 origine
598 2789 708 2852 corpus
732 2772 915 2854 adsumpsit.
948 2773 998 2853 qui
1031 2772 1156 2835 decocta
1185 2771 1275 2852 quasi
1305 2791 1362 2852 per

219 2874 313 2938 ollam
338 2875 440 2938 carnis
468 2880 592 2938 nostrae
621 2875 773 2938 cruditate.
799 2875 1005 2938 sanctiticauit
1028 2877 1058 2938 in
1083 2880 1245 2938 aeternum
1270 2874 1361 2939 nobis

324 3117 351 3184 1]
372 3116 555 3183 (Reuehat).
603 3118 631 3184 9]
651 3116 899 3185 Minnagara.
950 3117 1099 3186 latinio.
1149 3116 1360 3187 14]10h.1.ll.

222 3203 265 3272 17]
285 3202 368 3269 (Hier.
384 3206 423 3265 18,
438 3204 472 3270 6).
540 3203 756 3272 18]Ps.3o,13.
823 3205 866 3273 19]
885 3204 961 3257 Rom.
975 3208 999 3268 8,
1012 3207 1035 3258 3.
1099 3205 1144 3273 21]
1164 3203 1206 3257 Ps.
1220 3206 1262 3263 59.
1277 3207 1317 3259 10.

265 3429 413 3498 lquoque]
433 3445 483 3497 que
503 3429 533 3484 F
591 3429 700 3482 ordeum
719 3430 837 3485 FMPU
895 3429 1027 3483 crubilum
1051 3430 1080 3497 0,
1100 3428 1237 3483 cumulum
1255 3447 1279 3497 e,
1298 3445 1361 3497 gru·

220 3515 322 3569 mulum
343 3517 411 3571 coni.
425 3517 545 3581 Lebrua,
568 3532 705 3569 cumarum
724 3518 821 3571 maluit
844 3517 979 3572 Coroebius
1049 3520 1065 3571 2
1088 3515 1257 3570 extuantibus
1280 3517 1365 3573 FPU

220 3594 470 3713 elidicatas,
488 3645 560 3698 uasis
578 3647 665 3701 Resw.
720 3646 916 3702 boatinamO
969 3614 1100 3700 firmantia
1117 3646 1146 3715 0,
1166 3646 1362 3701 infumantiao

220 3774 319 3845 boella
338 3776 401 3829 LM
457 3777 596 3829 inostrae
615 3794 665 3831 cm.
685 3777 721 3830 M
770 3775 898 3846 boennle
918 3777 975 3831 FU
1026 3743 1113 3841 ωιιιιιιίι
1132 3778 1168 3831 M
1235 3743 1309 3846 clipei
1327 3777 1361 3842 F,

219 3861 310 3914 helisei
330 3862 445 3916 LMOP
516 3866 547 3916 10
566 3877 645 3929 quam
659 3864 693 3930 11,
713 3878 764 3929 qua
783 3870 827 3917 cet.
885 3867 916 3918 12
935 3864 999 3932 quo]
1018 3863 1088 3931 qnod
1103 3865 1142 3918 P¹
1197 3864 1249 3918 tuti
1268 3864 1360 3934 atque]

220 3948 311 4015 utique
335 3949 438 4016 F1’2u,
463 3949 501 4001 uti
528 3954 607 4015 atque
630 3950 669 4002 P¹
743 3954 774 4004 15
793 3956 820 4001 et
838 3950 912 4018 uasa]
933 3967 1047 4018 uasaqna
1071 3952 1107 4004 M
1174 3959 1278 4004 nostrae
1301 3952 1366 4006 LM

221 4037 253 4089 ia
276 4035 388 4087 inseniet
411 4036 468 4103 ipso
491 4037 517 4089 U
585 4036 700 4103 eorporis
725 4036 808 4088 nostri
831 4036 861 4088 F
912 4040 943 4092 19
968 4041 998 4089 ιιι
1020 4037 1058 4090 uit
1085 4037 1135 4102 Oe,
1158 4056 1209 4093 cira.
1228 4045 1273 4092 cet.
1333 4037 1360 4090 iu

220 4122 395 4176 atrra21’
447 4123 481 4175 22
499 4121 580 4174 etiam
599 4140 650 4176 one.
669 4122 751 4177 Fau
811 4123 844 4176 23
863 4122 908 4189 qui
931 4122 961 4190 0,
980 4139 1045 4190 quos
1064 4121 1141 4191 FP¹,
1160 4139 1212 4191 quo
1230 4125 1271 4187 M,
1290 4123 1361 4192 quod

221 4248 320 4305 LP²U
370 4253 402 4305 ‘Zt
422 4249 579 4303 crudelitate
603 4252 629 4307 U
683 4220 735 4303 tion
754 4254 762 4303 i
782 4224 875 4321 {ternu
895 4224 955 4304 cibit
975 4253 1011 4306 M
