3036 4770
274 315 442 386 appendis
460 316 609 386 episted
626 316 761 382 Gelenc,
779 333 802 373 c.
814 318 931 383 20-32;
948 333 1010 372 ιιι.
1023 316 1205 372 Bobiensic⁴
1245 298 1310 365 459

172 495 254 554 ciem
274 496 385 555 omnis
403 498 528 566 terrae,
548 498 578 555 et
597 513 725 555 rursum:
746 495 896 571 uigilete
915 498 950 556 et
968 499 1078 566 orate3
1099 497 1218 557 nescitis
1233 497 1310 557 enim

173 593 285 666 quando
300 595 413 666 tempus
429 591 477 650 sit.

216 693 266 747 32.
283 687 366 746 Beati
381 689 451 745 sunt
466 687 515 761 qui
531 687 572 746 ita
587 690 764 762 exspectant,
779 687 822 746 ita
837 687 917 746 illum
934 688 1119 762 speculantur
1133 687 1216 760 diem,
1232 691 1265 747 nt
1280 706 1311 748 se

172 783 207 841 ad
226 800 290 841 eum
309 782 411 842 cotidie
431 786 618 857 praeparent,
640 783 689 856 qui
709 798 768 841 non
788 784 823 842 de
841 784 998 858 praeterita
1016 783 1072 856 sihi
1092 783 1204 842 iustitie
1227 784 1309 843 blan-

131 892 145 932 5
172 877 283 937 dientes
299 880 453 938 seeundum
472 879 633 952 apostolum
651 896 704 953 per
717 879 778 937 dies
798 879 929 954 singulos
948 879 980 938 in
995 879 1102 939 uirtute
1121 882 1308 939 renouentur.

172 972 284 1032 iustitie
306 973 382 1032 enim
405 991 464 1033 non
487 972 614 1047 proderit
635 973 671 1044 ei,
695 991 712 1032 a
734 991 791 1048 qua
813 973 858 1033 die
881 974 976 1033 iustus
996 992 1059 1034 esse
1079 974 1203 1034 desierit.
1235 975 1310 1035 sicut

172 1068 257 1126 etiarn
272 1069 372 1143 iniquo
388 1086 446 1128 non
462 1068 577 1129 nocebit
591 1069 731 1143 iniquitas
747 1086 799 1129 sua
814 1086 832 1128 a
846 1069 901 1140 die,
917 1088 973 1145 quo
986 1088 1017 1130 ee
1029 1073 1065 1130 ab
1077 1069 1229 1145 iniquitate
1241 1087 1309 1131 con-

172 1164 299 1223 uerterit.
330 1182 383 1224 nec
398 1167 516 1225 sanctus
532 1182 600 1240 ergo
615 1182 733 1224 securus
749 1183 812 1225 esse
827 1167 920 1236 debet,
935 1165 1070 1240 quamdiu
1085 1166 1117 1224 in
1131 1165 1217 1225 huius
1232 1167 1311 1226 uitae

171 1278 263 1335 agone
277 1264 419 1331 uersatur,
436 1278 489 1320 noc
504 1262 653 1336 desperare
668 1264 809 1336 peccetur,
825 1261 874 1336 qui
890 1263 1046 1321 secundum
1060 1262 1233 1336 praedictam
1244 1280 1310 1337 pro·

119 1369 146 1409 ιο
171 1356 273 1431 phetae
292 1356 466 1416 sententiam
486 1373 545 1415 una
564 1357 608 1415 die
624 1357 731 1416 iustum
752 1374 783 1416 se
803 1355 915 1416 allicere
934 1359 1044 1432 poteet;
1064 1359 1113 1417 sed
1132 1361 1235 1430 totum,
1255 1376 1311 1432 quo

171 1453 307 1522 tenditur,
328 1452 453 1527 spatium
472 1452 550 1511 uitae
566 1454 631 1512 tuae
647 1455 702 1524 est,
723 1456 755 1510 ut
773 1469 910 1528 peragere
931 1453 1025 1528 possis
1044 1453 1185 1512 iustitiam
1205 1472 1259 1513 nec
1277 1455 1312 1513 de

172 1548 326 1623 praeterita
345 1548 457 1607 iustitia
476 1547 622 1608 confidens
642 1548 788 1607 remissior
803 1547 947 1608 eiliciaris.
979 1550 1039 1621 sed,
1059 1549 1135 1609 sicut
1153 1549 1223 1609 dicit
1242 1568 1310 1625 epo·

172 1645 272 1715 stolus,
295 1645 493 1719 posteriora
514 1644 745 1717 obliuiscens,
768 1646 809 1704 ad
832 1661 870 1704 eo
888 1648 1001 1704 antem
1025 1663 1110 1719 queo
1133 1646 1312 1705 anteriora

172 1744 321 1799 suntme
341 1742 545 1812 extendens,
568 1742 607 1799 ad
632 1741 844 1800 destinatum
866 1758 1058 1816 persequar
1080 1741 1236 1800 bronium
1257 1759 1310 1800 su·

120 1845 145 1884 1⁵
171 1853 297 1910 pernae
318 1835 529 1907 necationis,
551 1836 646 1895 sciens
665 1836 804 1911 scripturn
823 1852 887 1895 esse
906 1836 998 1896 cordis
1013 1838 1203 1911 inspectorem
1218 1840 1310 1897 deum.

171 1934 201 1990 et
222 1931 284 1991 ideo
307 1931 425 2006 satagit,
449 1934 481 1990 ut
503 1931 627 1990 animam
650 1933 784 1990 mundam
799 1932 904 1991 habeat
918 1949 935 1990 a
949 1935 1073 2007 peccato.
1100 1936 1217 2008 propter
1239 1935 1312 2007 quod

172 2027 383 2102 scriptumest:
404 2027 494 2086 omni
514 2027 674 2087 custodie
693 2044 795 2086 serua
813 2044 870 2086 cor
884 2030 989 2100 tuum,
1012 2030 1172 2088 etiterum:
1194 2029 1314 2104 diligit

172 2124 328 2182 dominus
348 2124 471 2181 munda
490 2124 599 2182 corda.
625 2123 760 2197 accepti
779 2125 891 2181 autem
912 2126 994 2183 sunt
1014 2125 1043 2183 ei
1064 2142 1179 2183 omnes
1199 2125 1311 2183 imme·

172 2219 290 2278 eulati.
307 2219 411 2279 idcirco
423 2237 485 2293 age,
499 2221 532 2277 ut
543 2219 657 2279 ordines
670 2218 810 2292 reliquum
822 2222 935 2293 tempus
948 2219 1026 2278 uitae
1038 2222 1103 2278 tuoe
1116 2220 1179 2280 sine
1191 2221 1311 2289 offensa,

121 2325 147 2365 ιο
174 2318 205 2372 ut
228 2315 321 2389 possis
345 2333 443 2374 securo
466 2331 569 2373 canere
591 2332 655 2373 cum
679 2315 830 2389 propheta:
854 2315 1133 2389 perambulabam
1155 2316 1190 2374 in
1214 2316 1311 2375 inno-

173 2411 289 2468 centia
307 2410 420 2469 cordis
441 2410 519 2479 mei,
539 2410 574 2468 in
594 2410 702 2469 medio
722 2410 838 2469 domus
858 2427 958 2480 meae,
981 2414 1009 2468 et
1024 2410 1141 2469 iterum:
1159 2411 1312 2471 introibo

172 2508 211 2564 ad
227 2505 337 2565 altere
353 2506 420 2576 dei,
440 2507 479 2564 ad
496 2507 590 2564 deum
606 2505 663 2579 qui
680 2504 858 2564 laetificat
875 2505 1092 2566 iuuentutem
1107 2524 1221 2578 mecm,
1245 2507 1312 2581 quia

172 2618 231 2661 non
247 2601 397 2661 inchoasse
412 2600 531 2672 sufficit,
547 2602 596 2660 sed
612 2599 766 2675 perfecisse
781 2601 895 2661 iustitia
910 2604 962 2661 est.

548 2846 720 2907 Excunrrn
743 2847 928 2908 Boniunsrs.

121 3008 146 3050 ιι
216 2987 365 3062 Praecepit
385 2987 516 3046 dominus
535 2986 629 3046 cornis
650 2988 682 3044 ut
701 2989 853 3060 pascerent
871 2986 985 3046 Heliam
1005 2987 1035 3045 in
1056 2988 1183 3046 torrente
1203 2986 1311 3046 Choreb

173 3084 327 3141 sedentem.
359 3082 431 3140 mira
449 3080 574 3156 profecto
594 3099 640 3140 res
660 3084 714 3152 est,
738 3083 770 3139 ut
789 3081 852 3140 uiro
871 3084 971 3141 sancto
994 3081 1057 3140 auis
1077 3082 1216 3140 inmunda
1234 3081 1311 3140 uitae

174 3178 301 3237 subsidia
319 3178 507 3237 ministraret.
538 3179 615 3236 unde
631 3177 656 3235 si
673 3179 701 3236 et
716 3193 769 3236 nos
784 3179 1001 3236 contemnentes
1017 3176 1102 3235 etiam
1117 3176 1232 3251 proprie
1247 3177 1311 3236 imi·

279 3384 306 3454 l]
328 3383 424 3437 Matth.
442 3384 484 3447 24,
500 3384 542 3437 42.
565 3383 607 3445 25,
626 3383 666 3437 13.
719 3381 747 3450 6]
766 3380 805 3447 (Π
824 3381 883 3437 Cor.
900 3383 925 3439 4.
945 3382 995 3450 16).
1050 3381 1187 3449 'lOEnech
1207 3382 1246 3444 18,
1258 3381 1310 3450 24).

175 3469 219 3540 13]
241 3469 311 3524 Phil.
329 3473 354 3535 3,
373 3472 413 3526 13.
432 3471 471 3525 14.
544 3469 588 3537 15]
607 3469 696 3537 (Pron.
710 3471 752 3533 24,
766 3469 811 3531 12;
832 3467 892 3522 nce.
912 3470 935 3532 1,
948 3468 1000 3537 24).
1073 3468 1118 3537 17]
1140 3468 1218 3521 Pron.
1231 3469 1256 3532 4,
1269 3469 1310 3524 23.

172 3556 218 3625 20]
236 3557 281 3610 Ps.
295 3559 353 3620 100,
365 3558 390 3612 2.
444 3556 489 3625 21]
507 3554 551 3609 Ρι.
564 3556 607 3620 42,
619 3557 643 3610 4.

216 3747 285 3803 4ad
304 3757 477 3814 eumom.1p
546 3745 664 3815 decim]
684 3745 747 3799 iusti
765 3745 930 3801 oddRocw.
1002 3760 1093 3813 aquo
1117 3742 1159 3797 die
1176 3744 1312 3812 Resw.,e

173 3833 216 3888 die
234 3845 328 3904 quau
380 3849 435 3886 esse
454 3842 541 3900 ιιιψ
595 3835 628 3887 10
640 3848 693 3885 uno
704 3832 792 3888 Roew.
848 3833 878 3887 11
894 3830 1167 3898 sermomonem
1220 3832 1253 3885 12
1265 3829 1311 3884 ced

173 3940 224 3978 om.
243 3940 263 3976 ιι
316 3919 451 3990 apostolus
469 3919 577 3986 dicitur
631 3920 663 3974 14
680 3918 736 3986 me]
755 3934 782 3971 se
799 3935 819 3971 ιι
871 3917 1112 3986 persequorRoem.
1169 3919 1200 3972 15
1219 3916 1311 3986 deum]

175 4025 230 4062 esse
249 4009 370 4075 deumep
424 4009 457 4062 16
474 4005 534 4059 ideo
551 4023 580 4073 ιι,
598 4003 738 4072 ἰιίιίιοοψ
793 4007 824 4060 l‘l
848 4004 972 4059 dominus
996 4002 1085 4071 diligit
1103 4004 1183 4057 eorda
1204 4000 1310 4058 mundo.

175 4096 275 4164 accepti
294 4097 357 4148 sunt
375 4096 508 4162 autemut
570 4095 602 4148 10
620 4091 691 4163 tuac]
710 4108 755 4146 sue
773 4110 793 4145 ιι
855 4093 889 4147 20
908 4091 1010 4160 secure]
1029 4100 1161 4158 securem
1218 4092 1252 4145 23
1269 4090 1311 4144 in·

175 4182 281 4237 choaese
299 4198 353 4236 uon
370 4182 457 4237 Rosw.

217 4272 251 4325 25
269 4268 437 4339 praecipitf
489 4269 522 4323 27
542 4265 724 4331 emitemurf
