3036 4770
541 296 567 351 S.
580 296 714 352 Paulini
732 298 852 353 Nolani
871 299 1019 369 episcopi

429 471 470 536 vt
493 473 536 537 sis
559 473 684 538 Paulini
706 473 937 558 Therasiaeque
960 494 1090 541 memor.

385 576 489 661 Dilige
511 578 674 643 mandatos
698 580 926 646 interueniente
948 580 1063 646 Seuero

428 679 511 761 Quos
533 682 685 765 ignorasti
707 702 833 767 corpore
857 685 903 749 sic
925 686 1062 751 meritos.

385 785 534 850 Vnenimi
556 787 732 852 communis
756 806 842 853 amor
865 791 907 854 sit
928 789 1028 855 fomes
1051 790 1192 871 nmisque

427 889 575 973 Perpetui
598 910 722 956 summo
744 893 877 957 foederis
900 895 932 957 in
955 894 1092 959 domino.
1396 922 1411 960 s

384 992 454 1059 Non
477 998 566 1077 potes
589 996 748 1079 inplicitos
772 997 935 1072 diuellere;
959 1000 985 1061 si
1009 998 1108 1063 trahis
1133 1017 1242 1078 unum,

428 1098 516 1163 Vnus
540 1099 745 1165 adhaerentes
768 1119 831 1182 qua
852 1103 973 1184 rapitur
994 1103 1105 1184 rapiet.

383 1202 465 1286 Ergo
488 1193 663 1268 indiuiduos
686 1206 804 1288 pariter
826 1207 1021 1289 conplectere
1043 1208 1166 1287 fratrea,

426 1307 530 1390 thue
553 1327 673 1389 sumus,
697 1310 741 1373 sic
765 1328 821 1374 nos
845 1310 937 1395 dilige
959 1312 1161 1395 participans.

383 1411 433 1477 Sic
455 1412 531 1477 deus
554 1413 676 1494 accinit,
700 1415 744 1478 sic
767 1432 823 1479 nos
846 1415 1003 1480 Martinus
1027 1417 1159 1490 amauit3
1382 1443 1409 1479 lo

426 1515 477 1581 Sic
501 1522 532 1581 et
555 1520 590 1581 tu
612 1518 739 1599 pariter,
764 1517 864 1599 Clare,
889 1524 976 1584 tuere
999 1538 1101 1604 pares,

382 1620 453 1685 Non
477 1622 597 1686 meritis
621 1623 676 1687 sed
699 1640 805 1687 amore
827 1642 928 1706 peres.
953 1629 998 1705 tn,
1023 1628 1142 1705 sancte,
1166 1623 1285 1689 ualebis

426 1725 560 1790 Exorare
582 1745 674 1809 pares
698 1731 728 1791 ot
751 1728 871 1791 meritis
895 1727 971 1809 fieri,

384 1828 416 1895 Si
438 1847 510 1894 cum
533 1830 671 1895 Martino
694 1832 779 1895 socia
801 1832 917 1915 pietate
939 1833 1073 1914 labores,

427 1934 469 1999 Vt
490 1935 620 1999 uincent
642 1938 765 1999 uestrae
788 1936 919 2000 crimina
941 1941 1049 2002 nostra
1071 1955 1188 2021 preces,
1382 1962 1408 2001 ιε

383 2038 423 2102 ut
446 2039 539 2103 simul
562 2040 594 2103 in
617 2040 714 2102 uestri
737 2040 888 2104 ducamur
911 2045 994 2106 sorte
1018 2041 1125 2107 Seueri

425 2142 598 2224 Vestraque
622 2160 679 2207 nos
703 2162 827 2226 semper
850 2148 996 2228 protegat
1020 2145 1070 2209 ala
1094 2146 1175 2210 sinu.

250 2281 279 2347 7.
300 2281 389 2363 Quod
409 2282 436 2345 si
449 2260 601 2346 'dominus
621 2282 809 2346 desiderium
830 2283 952 2347 animae
973 2287 1096 2348 uestrae
1111 2285 1219 2349 fecerit
1239 2302 1351 2348 secun-

206 2386 280 2450 dum
303 2386 398 2451 fidem
426 2388 564 2450 uestram
592 2386 728 2450 adiciens
756 2387 879 2452 ornatui
906 2391 937 2451 et
960 2388 1198 2453 sanctificationi
1220 2405 1350 2472 operum

205 2494 392 2570 uestrorum,
415 2495 451 2554 ut
474 2508 578 2554 sacros
601 2490 720 2554 cineres
744 2491 782 2554 de
805 2490 977 2556 benedictis
997 2492 1203 2577 gloriosorum
1225 2497 1351 2576 aposto·
1379 2519 1407 2557 20

205 2595 307 2661 lomm
341 2599 395 2659 aut
428 2598 601 2677 martymm
635 2594 774 2676 reliquiis
809 2595 1037 2679 adipiscamini:
1073 2597 1127 2681 qui
1160 2597 1253 2662 huius
1283 2598 1351 2662 uoti

206 2700 459 2783 praesumptione
482 2716 538 2762 uos
562 2700 655 2763 aliam
680 2700 761 2781 apud
784 2700 1009 2764 Primuliacum
1033 2705 1172 2765 nostram
1195 2705 1227 2766 et
1247 2701 1349 2785 priore

206 2805 356 2869 maiorem
376 2804 539 2868 basilicam
560 2821 762 2886 praeparasse
782 2805 998 2888 cognouimus,
1019 2805 1149 2889 dignum
1170 2824 1261 2889 opere
1276 2805 1349 2869 fidei

205 2913 329 2974 uestrae
360 2912 392 2974 et
421 2909 521 2991 operis
552 2908 683 2973 fideliter
717 2906 866 2973 elaborati
895 2910 1087 2975 dedicatione
1116 2911 1224 2994 procul
1253 2909 1349 2975 dubio

206 3012 420 3094 celeberrima,
444 3017 624 3078 sanctorum
647 3030 769 3094 quoque
792 3015 930 3096 reliquiis
954 3014 1067 3079 decens
1090 3014 1289 3096 arbitramur,
1313 3019 1350 3080 ut
1376 3041 1406 3080 as

206 3119 265 3183 hoc
285 3118 379 3183 etiam
400 3118 482 3200 quod
503 3118 540 3183 de
561 3136 651 3183 cruce
672 3119 816 3183 misimus
837 3119 954 3201 pariter
974 3119 1151 3204 depositum
1174 3124 1349 3185 sacratum·

208 3241 268 3304 que
290 3223 492 3288 ueneremini.
516 3223 598 3304 quod
622 3223 648 3286 si
670 3223 715 3287 ita
736 3223 898 3306 placuerit,
921 3224 1073 3306 placitum
1095 3227 1236 3289 uestrum
1256 3223 1297 3304 hi,
1322 3225 1348 3288 si

205 3326 372 3408 uidebitur,
396 3327 545 3391 uersiculi
567 3325 772 3392 nuntiabunt:

252 3527 493 3595 lterasiaequeL
547 3527 678 3583 3marito
696 3529 762 3583 Lm
810 3527 868 3582 6si
886 3545 919 3583 cr:
937 3526 983 3581 sed
1001 3527 1032 3582 F
1081 3526 1277 3582 ‘ladherentss
1294 3528 1352 3583 AF

210 3615 295 3680 OPU,
313 3613 487 3668 adherentem
505 3614 588 3669 LMo
659 3630 712 3682 qua
729 3615 907 3682 AFLMPU,
930 3629 997 3682 quae
1020 3614 1052 3681 O,
1074 3629 1161 3682 quos
1230 3615 1348 3684 aparti-

205 3701 276 3772 cipes
294 3703 363 3758 corsi.
383 3702 477 3758 Secede.
544 3704 577 3756 10
595 3701 692 3755 asciuit
710 3702 776 3757 LM
838 3704 869 3757 12
888 3704 979 3772 sancte
999 3702 1053 3757 LO
1115 3703 1148 3756 13
1166 3700 1296 3755 exorando
1313 3703 1353 3757 M

207 3792 239 3844 17
257 3787 373 3858 semper]
393 3786 486 3842 ambos
505 3793 530 3840 A
581 3787 681 3842 blando
699 3792 824 3857 protegat
841 3787 901 3842 aula
919 3787 946 3842 L
999 3790 1033 3844 20
1052 3803 1139 3841 sacres
1157 3788 1213 3843 LO
1267 3786 1348 3842 bene-

206 3874 298 3946 dictis]
317 3874 451 3930 sanctiss
503 3876 535 3931 ai
556 3874 689 3944 adipiscar
707 3876 768 3943 AL,
786 3874 931 3944 adipiscam
949 3875 1035 3931 FPU
1083 3873 1130 3943 qui
1150 3875 1202 3942 Oe,
1219 3874 1282 3944 quia
1300 3882 1347 3930 cst.

206 3963 239 4017 22
257 3961 502 4032 praesumptionem
520 3962 632 4018 AFOU
680 3964 746 4031 aput
763 3964 804 4029 Μ,
822 3965 870 4015 aut
879 3962 918 4064 ἔ*
968 3960 1148 4031 primiliacum
1166 3961 1258 4019 FMU
1307 3963 1347 4033 et]

205 4091 237 4128 ex
253 4075 338 4132 FPU
399 4075 516 4144 priorem
535 4076 561 4130 L
627 4078 661 4130 26
679 4074 712 4128 do
731 4090 807 4128 cruce
826 4074 981 4144 scpipsimus
999 4075 1035 4141 (⁰¹
1047 4075 1123 4143 Μ)
1140 4075 1169 4129 P
1223 4074 1348 4129 misimus

205 4160 237 4215 tle
255 4179 332 4216 ornae
354 4164 381 4219 U
447 4165 481 4218 27
504 4166 627 4216 nostrum
648 4161 691 4217 F¹
761 4161 800 4215 hii
822 4149 886 4217 ΜΟ
952 4165 986 4219 28
1009 4161 1187 4232 nuntiabunt]
1206 4177 1298 4217 uersus
1317 4163 1347 4217 ln

205 4248 283 4302 altari
301 4249 365 4304 add.
385 4250 423 4303 M
