3036 4770
307 304 453 375 epistula
470 304 515 369 Ll,
527 321 555 360 o.
570 308 650 370 1-4;
667 305 776 375 passio
795 305 820 360 S.
835 305 910 361 Gen.
924 304 1139 371 Arelatensis,
1158 323 1179 360 c.
1194 308 1216 362 l.
1266 288 1330 354 425

232 479 263 546 3.
297 479 393 566 Spero
426 485 532 546 anum
564 481 601 545 de
627 480 838 546 misericordia
864 480 981 546 Christi
1008 481 1140 562 domini,
1172 482 1253 564 quod
1283 483 1331 545 in-

191 585 328 651 columes
355 585 432 650 haec
454 603 525 650 moa
547 585 644 650 uerba
667 585 797 650 sumatis
821 585 900 649 etsi
923 585 1067 668 deinceps
1090 590 1275 670 oportunam
1300 591 1332 651 et

190 709 245 774 per
266 689 444 755 huiusmodi
466 690 645 755 tabellarios
669 691 862 754 occasionem
886 690 1062 770 donauerit,
1092 690 1261 754 rescribere
1282 692 1330 755 in·

190 794 313 878 pigrum
347 793 497 859 habeatis.
554 796 636 878 quod
670 795 737 859 sine
771 794 864 859 dubio
892 799 923 858 et
949 814 1004 877 per
1031 795 1107 859 istos
1135 794 1215 859 filios
1243 814 1330 860 meos

125 911 149 951 ⁵
192 902 297 963 uestra
323 899 451 964 fecisset
476 899 614 980 affectio,
642 899 669 963 si
698 917 804 965 eorum
831 899 870 963 ad
893 918 944 964 me
972 899 1105 964 directae
1132 901 1330 983 protectionis

191 1003 303 1067 conscii
325 1003 476 1068 fuissetis.
515 1023 589 1068 nam
612 1021 684 1067 cum
707 1003 746 1068 ab
768 1003 812 1067 eis
828 1003 888 1068 hoc
903 1022 1099 1086 quaererem,
1124 1005 1197 1086 quia
1212 1005 1329 1069 uicinos

191 1124 258 1171 osse
287 1124 343 1172 uos
374 1124 541 1189 noueram,
571 1107 787 1192 ignorantibus
818 1107 909 1172 uobis
936 1126 970 1171 se
998 1108 1035 1171 de
1063 1109 1250 1173 monasterio
1274 1125 1330 1172 suo

190 1212 355 1296 nauigasse
389 1211 541 1276 dixerunt
597 1216 814 1277 cerumtamen
849 1212 930 1293 quia,
969 1213 1049 1277 sicut
1082 1232 1237 1296 regnum
1273 1212 1331 1277 dei

190 1334 260 1381 non
282 1316 320 1380 in
342 1335 510 1382 sermone
534 1320 592 1381 est
613 1317 675 1380 sed
698 1317 734 1381 in
755 1317 911 1396 uirtute,
934 1318 978 1380 ita
1001 1321 1033 1380 et
1048 1317 1172 1398 caritas,
1194 1318 1226 1381 in
1242 1317 1330 1381 cuius

101 1427 154 1472 ¹⁰
190 1419 377 1503 perfectione
400 1426 432 1484 et
453 1421 646 1503 plenitudine
668 1439 801 1503 regnum
818 1419 867 1483 dei
883 1421 1058 1485 continetur
1074 1422 1124 1485 uel
1148 1421 1330 1503 adquiritur,

189 1526 221 1589 in
243 1525 390 1590 thesauro
413 1526 512 1591 cordis
536 1529 568 1590 et
590 1525 661 1590 fidei
684 1527 800 1590 uirtute
815 1527 973 1607 consistit,
996 1545 1051 1609 pro
1067 1527 1169 1610 gratia
1184 1527 1330 1590 familiari

188 1633 312 1694 uestrae
345 1630 561 1695 unanimitatis
596 1631 712 1712 scripta
735 1630 885 1695 desidero.
932 1635 1069 1695 ceterum
1094 1631 1132 1695 de
1155 1633 1330 1695 animorum

189 1738 365 1799 uesborum
391 1735 532 1816 piissima
558 1734 720 1801 affectione
747 1733 905 1798 confidens
928 1735 1025 1798 etiam
1047 1735 1219 1800 tacentium
1243 1754 1330 1799 men-

189 1838 272 1903 tibus
300 1856 350 1903 me
377 1838 536 1903 inhaerere
564 1857 626 1904 non
654 1839 790 1922 ambigo.
838 1857 900 1903 non
924 1839 1007 1903 enim
1030 1839 1169 1903 humana
1192 1839 1331 1903 amicitia

107 1951 165 2002 1³
190 1943 244 2007 sed
271 1943 378 2007 diuina
404 1943 506 2027 gratia
532 1943 667 2008 inuicem
695 1944 785 2008 nobis
813 1944 1005 2009 innotuimus
1036 1947 1068 2007 et
1090 1944 1197 2008 conexi
1221 1963 1329 2007 sumus

188 2065 244 2129 per
265 2047 387 2111 uiscera
408 2047 548 2111 caritatis
571 2046 697 2113 Christi.
729 2051 821 2131 atque
843 2048 913 2112 ideo
936 2065 1064 2113 necesse
1085 2052 1133 2112 est
1147 2053 1329 2132 perpetuam

189 2151 271 2216 inter
292 2155 419 2234 pectora
441 2155 547 2216 nostra
570 2169 696 2216 manere
719 2153 925 2231 concordiam,
957 2170 1035 2234 quae
1059 2152 1182 2217 Christo
1206 2157 1330 2216 auctore

190 2256 353 2320 coniuncta
375 2259 432 2320 est.
471 2273 550 2338 quae
574 2256 658 2320 enim
681 2256 730 2320 uis
754 2261 807 2322 eut
830 2256 946 2322 obliuio
969 2258 1074 2322 ualeat
1090 2275 1233 2339 separare
1248 2256 1330 2339 quod

190 2360 267 2424 deus
289 2361 408 2424 iunxit?

115 2478 164 2530 *a
232 2463 263 2529 4.
296 2465 505 2529 Benedicat
527 2483 591 2529 uos
614 2465 784 2530 domiuus
808 2485 849 2529 er
872 2464 956 2530 Sion
981 2483 1018 2530 ea
1040 2465 1330 2547 benedictioneque

188 2569 425 2634 benedicitur
447 2569 552 2635 homo
575 2570 637 2651 qui
660 2569 769 2635 timet
790 2570 991 2650 dominum,
1016 2570 1158 2653 perpetui
1180 2569 1328 2652 coniuges

190 2677 222 2738 et
243 2677 388 2756 parentes
411 2692 483 2738 cum
504 2674 670 2738 benedicta
691 2674 855 2739 uobiscum
878 2675 935 2740 deo
954 2675 1101 2758 progenie
1117 2673 1329 2739 nobilissimae

190 2779 361 2842 sanctitatis
385 2781 517 2842 uestrae.
558 2777 721 2842 uideatis
752 2796 845 2860 quae
867 2779 963 2843 bona
985 2782 1072 2843 sunt
1093 2778 1329 2842 Hierusalem

191 2886 222 2946 et
247 2882 363 2965 pariter
395 2881 566 2947 habitare
593 2883 776 2947 mereamini
803 2883 840 2947 iu
872 2883 979 2948 domo
1008 2882 1152 2946 domini
1180 2883 1220 2946 iu
1249 2881 1329 2946 lon·

131 3010 163 3050 ss
190 2986 398 3069 gitudinem
429 2986 585 3065 dierum,
619 2984 674 3050 filii
704 2987 813 3066 sancti,
844 2987 955 3050 merito
982 2985 1189 3067 uenerabiles,
1218 2986 1330 3049 intima

189 3090 265 3155 mihi
287 3090 418 3155 caritate
441 3090 547 3155 dilecti
570 3093 601 3154 ot
624 3109 748 3174 semper
771 3090 973 3155 desiderandi.

471 3333 585 3397 Pnssro
609 3333 638 3399 S.
663 3332 793 3398 Gnunsn
814 3333 1043 3398 mautrauers.

234 3506 261 3571 1.
297 3507 463 3590 Proprium
486 3511 580 3590 atque
602 3507 783 3591 indigenam
799 3507 993 3572 Arelatensis
1010 3506 1096 3573 urbis
1111 3506 1329 3572 beatissimum

189 3609 359 3677 Genesium
381 3615 567 3695 martyrem,
595 3613 757 3676 alumnum
786 3612 924 3676 eiusdem
947 3612 1013 3675 iure
1036 3611 1199 3692 nascendi,
1226 3615 1330 3695 patro·

292 3809 320 3879 a]
339 3808 353 3863 1
372 3808 525 3874 cosano.
578 3809 623 3878 20]
642 3809 686 3863 rs.
702 3811 759 3874 127,
771 3813 796 3865 4.
810 3813 834 3866 5.
887 3809 933 3878 aa]
951 3809 987 3865 a.
1001 3813 1025 3866 5.
1078 3810 1124 3880 24]
1143 3810 1278 3874 esaan

232 3994 248 4047 6
267 3990 342 4060 uem]
360 3995 389 4044 et
406 3992 432 4044 L
503 3991 553 4044 hoc
570 4009 622 4047 om.
641 3991 668 4045 L
740 3995 771 4046 17
791 4007 897 4045 manere
916 3996 1007 4046 nostra
1029 3992 1056 4046 L
1129 3995 1161 4047 19
1183 3992 1285 4047 iuncxit
1302 3993 1329 4047 L

188 4080 222 4134 23
241 4078 381 4132 ierusalem
400 4080 437 4133 Μ

231 4167 263 4220 Ζ.
283 4194 316 4204 -
335 4165 407 4234 incisi
425 4165 494 4235 pass.
509 4183 529 4219 s.
543 4165 642 4234 genesii
655 4164 725 4219 edite
744 4182 760 4218 a
778 4182 797 4220 s.
811 4165 936 4219 memorie
950 4165 1058 4234 paulino
1071 4167 1119 4234 ebo
1131 4167 1158 4220 Z
1208 4168 1241 4222 29
1260 4182 1329 4220 mer-

186 4252 267 4306 tirem
287 4251 418 4306 alunnum
436 4255 462 4307 Z
