3036 4770
488 318 632 389 epistula
649 317 682 386 X,
700 334 722 372 c.
735 319 764 382 3;
782 317 830 383 XI,
848 334 870 372 c.
884 319 960 374 1-3.
1252 300 1293 364 61

202 495 231 560 2.
255 495 353 576 Quae
376 499 447 575 est,
474 495 585 577 inquit,
613 497 730 559 mater
756 513 850 573 mea,
879 497 941 558 ant
963 494 1024 576 qui
1047 497 1133 558 sunt
1155 495 1294 558 fratres

156 601 249 665 mei?
279 618 350 664 non
380 600 412 664 hi
442 599 597 679 uidelicet,
628 599 690 681 qui
720 599 762 663 de
790 600 986 664 uoluntate
1014 600 1136 663 earnis
1164 602 1196 663 et
1222 617 1295 663 con·

156 704 314 769 uenientia
340 705 451 784 somni,
482 704 545 768 sed
573 706 626 786 qui
654 723 693 767 er
720 704 786 768 deo
814 703 893 768 nati
920 707 1008 768 suut
1028 721 1084 785 per
1106 703 1293 785 sapientiam

156 808 206 873 dei
230 807 399 890 Christum,
423 808 530 892 quiin
553 828 587 873 se
610 827 741 873 manens
763 809 895 872 innonat
916 808 1022 873 omnia
1051 811 1088 872 et
1110 808 1172 871 dat
1194 811 1294 890 pote-

112 941 128 980 s
156 917 294 978 statem
316 913 418 978 filios
441 913 501 977 dei
516 913 613 994 sieri,
637 913 803 978 coheredes
818 913 908 997 regni
923 913 982 993 sui,
1001 915 1128 995 propter
1143 911 1174 975 id
1190 911 1294 994 ipsum

156 1017 366 1083 conformatus
389 1017 507 1101 corpori
529 1017 713 1082 humilitatis
735 1021 870 1097 nostrae,
897 1020 933 1081 ut
954 1034 1011 1080 nos
1033 1016 1206 1081 conformet
1227 1033 1294 1081 cor·

155 1123 224 1205 pori
246 1122 364 1206 gloriae
387 1140 462 1187 suae
485 1140 542 1186 neo
565 1121 667 1186 solum
690 1141 709 1185 a
731 1124 814 1186 terra
836 1125 944 1185 nostra
966 1121 1020 1185 sed
1036 1121 1131 1185 etiam
1147 1139 1165 1185 a
1180 1137 1294 1204 cogna-

156 1227 241 1291 tione
265 1226 404 1291 diuulsos
425 1227 459 1291 in
482 1231 599 1291 sortem
621 1230 653 1290 et
674 1226 906 1310 generationem
926 1243 1016 1291 suam
1032 1226 1209 1290 transferat.
1234 1243 1293 1307 quo

157 1349 287 1395 munere
313 1348 370 1394 nos
397 1329 460 1395 sibi
486 1349 591 1395 creare
618 1331 707 1395 etin
734 1349 809 1395 suae
836 1330 975 1395 caritatis
1002 1330 1127 1394 uinculo
1150 1330 1294 1411 copulare

100 1461 128 1499 ιο
156 1435 303 1518 dignatus
327 1438 383 1515 est,
411 1453 430 1512 a
452 1435 665 1499 familiaritate
687 1435 814 1515 carnali,
845 1435 877 1498 in
901 1451 962 1517 qua
982 1434 1044 1498 iam
1068 1453 1162 1514 nunc,
1190 1437 1225 1497 nt
1247 1434 1294 1497 in·

157 1538 347 1623 tellegimne‚
377 1539 451 1603 hnic
480 1558 537 1605 nos
567 1539 683 1604 foederi
712 1543 961 1622 praeparauerat,
990 1539 1023 1603 in
1051 1542 1210 1603 aeternam
1240 1557 1294 1602 ne-

156 1643 381 1709 cessitudinem
404 1643 519 1708 affectu
541 1643 658 1727 potiore
682 1643 827 1724 mutauit,
850 1643 1005 1725 siquidem
1025 1644 1161 1706 caritas
1178 1641 1294 1707 Christi

156 1748 219 1811 ista
244 1748 295 1829 sit,
324 1766 402 1830 quae
430 1764 625 1829 numquam
654 1747 804 1827 excidit,
836 1747 909 1829 quia
935 1765 971 1810 eu
998 1746 1055 1811 deo
1079 1745 1187 1811 defluit
1209 1746 1293 1810 etin

157 1851 213 1916 deo
236 1855 399 1934 permanet
421 1869 618 1934 omnemque,
641 1851 673 1915 in
696 1868 756 1933 quo
776 1854 913 1932 maneat,
935 1850 1095 1915 hominem
1112 1869 1168 1915 sua
1183 1868 1294 1932 peren·

100 1979 128 2019 ιε
156 1956 254 2022 nitate
283 1958 456 2039 perpetuat.
486 1954 564 2020 haec
595 1959 642 2019 eet
667 1954 770 2019 inflari
799 1954 913 2034 nescia,
944 1973 1053 2037 expers
1083 1954 1155 2034 doli,
1185 1971 1294 2018 secura

156 2059 273 2140 liuoris,
297 2060 421 2124 aemuia
443 2059 510 2139 deo,
534 2076 596 2124 uon
619 2060 752 2123 elatione
775 2059 912 2141 spiritus,
937 2059 992 2123 sed
1014 2059 1124 2142 spiritu
1147 2076 1293 2122 mausue-

157 2163 274 2227 tudinis
302 2167 333 2228 et
360 2163 567 2228 aemulatione
590 2164 723 2247 pietatis.
755 2164 899 2227 dominns
923 2163 1006 2226 enim
1029 2166 1143 2242 noster,
1170 2165 1206 2226 ut
1227 2162 1294 2243 ipse

156 2270 289 2331 testatus
319 2272 368 2332 est
397 2271 429 2332 et
458 2267 643 2350 experimm,
673 2267 772 2331 dulcis
804 2271 836 2331 et
865 2267 969 2331 mitis
997 2269 1053 2330 est
1079 2269 1115 2330 et
1141 2265 1293 2330 humilis

157 2371 273 2435 corde.

101 2500 129 2540 so
199 2474 229 2538 3.
253 2475 301 2539 De
329 2479 450 2558 quotu
478 2474 555 2539 mihi
582 2475 679 2539 frater
708 2475 833 2558 genitus
860 2493 923 2539 non
950 2475 1051 2539 solum
1079 2474 1293 2557 adpraesens

157 2578 341 2643 adiutorium
366 2578 420 2643 sed
442 2583 474 2643 et
498 2579 536 2643 ad
552 2597 688 2661 perenne
704 2579 892 2643 consortium
912 2582 999 2643 tanto
1020 2595 1148 2660 superes
1168 2595 1293 2642 omnem

156 2682 237 2747 eirca
263 2701 314 2746 me
341 2683 546 2764 corporalium
575 2682 842 2747 necessitudinum
865 2681 1073 2763 affectionem,
1102 2685 1216 2764 quanto
1239 2701 1293 2764 po·

157 2787 233 2850 tiore
260 2786 338 2851 mihi
364 2790 493 2869 parente
521 2804 689 2870 germanus
715 2805 748 2850 es
778 2804 873 2869 quarn
900 2786 946 2850 illi
975 2804 1051 2869 quos
1075 2804 1145 2851 caro
1168 2789 1292 2851 tantum

156 2895 188 2954 et
210 2890 337 2973 sanguis
360 2890 438 2955 mihi
460 2891 567 2954 sociat.
591 2889 645 2954 nbi
668 2890 751 2954 enim
774 2890 852 2954 mihi
874 2908 958 2954 nunc
977 2890 1208 2972 consanguinea
1222 2908 1293 2973 ger·

99 3023 127 3062 se
156 2994 312 3058 manitas?
335 2993 390 3058 ubi
412 2993 551 3058 amicitia
574 2996 687 3057 uetus?
710 2993 764 3058 ubi
784 2994 918 3076 pristina
933 2993 1156 3058 contubernia?
1181 2994 1293 3057 euanui

155 3116 260 3162 coram
282 3097 344 3162 illis
368 3097 523 3177 omnibus,
554 3100 670 3178 enter,
702 3101 737 3161 ut
758 3097 875 3161 dictum
899 3101 957 3178 est,
988 3096 1171 3162 iratribus
1202 3099 1293 3162 meis

156 3206 192 3265 et
213 3201 434 3285 peregrinus
457 3201 553 3265 filiis
576 3202 708 3266 matris
732 3220 843 3266 meae.
868 3202 977 3267 amici
999 3203 1071 3266 mei
1086 3202 1293 3285 etprouimi

261 3416 287 3485 1]
305 3416 401 3469 naoth.
417 3419 456 3484 12,
470 3418 511 3472 ce.
577 3416 772 3485 3110n.1‚1e.
840 3417 978 3486 imum.
1052 3417 1095 3486 13]
1115 3416 1199 3472 reor.
1215 3420 1254 3480 13,
1268 3421 1291 3474 s.

157 3502 203 3571 re]
222 3502 319 3557 nacon.
335 3506 374 3567 11,
387 3506 428 3558 ne.
487 3503 532 3572 ar]
552 3503 595 3556 ΡΒ.
609 3506 680 3567 cen
698 3506 725 3556 o
743 3506 785 3567 er,
800 3507 839 3560 m.

199 3694 271 3749 21ιί1
285 3695 322 3749 Μ
379 3695 459 3762 3qui
477 3712 528 3749 cnr.
542 3696 568 3749 L
631 3694 700 3751 iad
718 3695 806 3764 ipsum
824 3694 862 3750 L¹
925 3699 1021 3750 ‘ienae
1039 3713 1089 3751 om.
1103 3696 1187 3752 FPU
1245 3713 1293 3750 nec

158 3781 211 3846 Oc,
228 3783 256 3833 et
274 3796 326 3833 non
344 3787 390 3836 cet.
456 3780 616 3849 cogitatione
633 3780 671 3836 Ι)
738 3780 903 3838 8tranferat
920 3782 948 3836 L
1016 3785 1099 3837 deuo
1120 3784 1147 3839 U
1215 3786 1247 3838 10
1265 3786 1293 3836 et

152 3912 263 3980 scripsi,
281 3914 320 3964 est
339 3930 369 3977 ω,
387 3911 434 3967 seo
451 3929 510 3981 ep.
528 3912 565 3966 m
632 3915 663 3965 uc
680 3913 721 3980 m,
739 3918 851 3969 emm.
924 3914 956 3967 rs
974 3879 1057 3966 r'can
1127 3912 1297 3980 sit]estn1

156 4000 189 4052 14
206 4000 297 4051 manet
315 3998 380 4052 Lm
445 3998 619 4067 peremnitste
642 4001 669 4055 U
736 4001 767 4055 15
790 4014 881 4052 secura
903 4000 1008 4068 scripsi,
1031 4014 1096 4052 cura
1117 3999 1190 4068 0P1,
1208 4015 1292 4054 uacua

154 4082 259 4151 FUP',
281 4100 349 4154 pura
366 4085 447 4139 cmv
517 4087 550 4142 18
568 4088 682 4139 testatur
699 4086 783 4143 FPU
849 4087 883 4140 20
905 4085 988 4139 irater
1005 4085 1111 4154 genitus
1133 4086 1164 4154 0,
1186 4087 1292 4154 genitus

154 4170 238 4224 irater
255 4178 302 4226 oct.
355 4172 386 4226 21
407 4170 454 4225 sed
471 4188 487 4224 a
504 4187 627 4240 peremne
650 4174 677 4229 U
726 4175 760 4228 22
778 4171 951 4225 afflictionem
969 4173 995 4226 L
1047 4174 1081 4227 24
1100 4172 1166 4225 mihi
1185 4175 1291 4228 tanturn

153 4258 183 4310 et
199 4258 308 4327 sanguis
325 4260 363 4313 M
415 4257 598 4326 sanguinisO
649 4275 720 4313 nunc
738 4259 805 4313 mihi
824 4260 861 4313 M
908 4261 944 4315 26
960 4259 1052 4314 fratris
1070 4275 1128 4313 mee
1145 4261 1177 4315 F
