3036 4770
233 300 275 366 80
565 319 591 372 S.
605 319 738 374 Paulini
756 319 877 373 Nolani
896 320 1042 389 episcopi

232 499 371 560 attamen
401 499 433 560 et
459 496 556 578 ipsius
579 496 669 560 nobis
692 496 880 561 humilitatis
903 497 1058 560 seruanda
1081 515 1228 562 mensura
1250 502 1309 578 est,
1337 502 1377 562 ut

231 620 294 665 non
325 601 384 665 nisi
414 601 525 664 timore
556 601 661 665 diuino
692 602 892 665 humiliemur
922 602 975 666 nni
1010 602 1148 666 domino:
1183 603 1376 667 dominum

232 706 328 769 enim
352 706 457 769 deum
481 710 583 769 tuum
607 705 781 770 adorabis
809 707 937 788 stipsi
960 706 1030 770 soli
1054 707 1211 787 seruies,
1235 707 1284 770 oui
1306 726 1377 772 ser-

232 810 297 873 uire
324 809 452 874 libertas
481 815 538 874 est.
567 811 685 873 nemini
713 811 796 873 enim
827 810 986 874 subiectus
1013 814 1062 874 est
1088 811 1141 893 qui
1168 830 1202 875 se
1229 811 1289 875 soli
1315 812 1375 876 deo

231 915 372 994 subiecit,
397 918 429 979 at
452 918 560 979 contra
581 914 726 978 omnibus
750 914 866 977 infimis
890 915 940 978 uel
956 914 1118 996 spiritibus
1135 916 1184 979 uel
1201 915 1270 979 aliis
1286 934 1376 981 crea·
1416 945 1431 984 s

230 1020 308 1082 iuris
335 1020 386 1083 uel
414 1019 479 1083 suis
510 1019 595 1082 uitiis
619 1024 649 1083 et
672 1019 892 1101 cupiditatibus
917 1020 1013 1082 seruit
1035 1019 1087 1101 qui
1110 1021 1179 1083 uult
1201 1019 1280 1084 liber
1303 1039 1374 1085 esse

231 1123 376 1187 iustitiae.
408 1128 457 1188 est
486 1127 592 1187 antem
624 1127 655 1187 et
685 1128 795 1187 sancta
825 1123 971 1206 superbia
1000 1128 1032 1188 et
1061 1125 1222 1189 humilitas
1249 1124 1372 1207 iniqua;

231 1247 303 1292 uam
336 1231 367 1291 ct
400 1227 585 1292 iustificatur
616 1228 775 1311 superbia,
810 1247 889 1310 quae
920 1229 992 1292 huic
1023 1229 1139 1292 mundo
1170 1228 1311 1312 superbit
1340 1235 1375 1294 et

231 1333 404 1397 contumuit
431 1331 490 1396 hoc
517 1333 676 1396 saeculum
707 1333 913 1415 omnibusque
937 1334 1060 1416 magnis
1084 1334 1151 1397 eins
1175 1337 1206 1396 et
1227 1333 1373 1398 dulcibus

231 1455 267 1501 ac
294 1437 442 1519 speciosis
471 1437 620 1517 abutitur,
652 1438 772 1502 intenta
802 1437 989 1502 caelestibus
1017 1437 1111 1501 rebus
1139 1441 1171 1501 et
1196 1439 1373 1522 praeceptis
1403 1472 1430 1512 10

231 1542 372 1604 subiecta
393 1541 514 1605 diuinis.
538 1545 646 1606 contra
663 1545 768 1606 autem
784 1543 838 1606 illa
853 1542 1016 1606 humilitas
1033 1543 1268 1622 condemnatur,
1291 1560 1373 1624 qnae

230 1664 293 1709 non
326 1665 363 1709 ex
392 1645 452 1709 fide
483 1646 538 1709 sed
569 1665 604 1709 er
635 1647 763 1730 ignauia
792 1647 906 1710 mentis
936 1646 1114 1710 hominibus
1147 1646 1309 1710 adducitur
1341 1651 1374 1711 et

229 1750 401 1814 humanam
424 1751 557 1833 gratiam
581 1752 682 1834 magis
706 1769 800 1831 qnam
824 1769 913 1814 suam
938 1752 1074 1814 salutem
1096 1755 1193 1831 curat,
1217 1750 1372 1815 mendacii

229 1855 357 1935 famula,
386 1856 526 1919 ueritatis
554 1855 689 1936 inimica,
717 1856 869 1919 libertatis
897 1875 1015 1938 expers,
1043 1855 1201 1937 iniquitati
1228 1854 1372 1937 obnoxia,

229 1960 365 2024 miscens
390 1978 470 2041 aqna
493 1961 613 2040 uinum,
636 1960 667 2023 id
691 1965 739 2024 est
756 1961 898 2024 ueritatis
915 1979 1036 2023 merum
1053 1977 1169 2041 aquoso
1185 1961 1372 2024 adulationis
1402 1995 1429 2034 15

229 2084 391 2129 eneruans.
427 2065 459 2128 in
489 2065 666 2128 huiusmodi
695 2065 906 2129 humilitatem
936 2065 1111 2147 specialiter
1141 2065 1217 2129 mihi
1247 2064 1373 2129 uidetur

229 2188 288 2233 uox
319 2170 373 2233 illa
403 2169 563 2249 contendi,
598 2188 677 2250 quae
713 2170 890 2234 denuntiat:
925 2188 992 2232 uae
1027 2169 1239 2234 dicentibus
1275 2171 1372 2234 malo

228 2274 363 2338 bonum
387 2277 423 2337 et
445 2273 551 2337 dulce
574 2275 708 2337 amaris
732 2278 765 2337 et
786 2273 908 2338 iniustis
932 2274 1085 2337 iustitiam
1108 2273 1371 2356 praedicantibus,

230 2397 306 2460 quos
331 2382 361 2441 ct
383 2397 438 2460 per
462 2376 671 2458 Salomonem,
696 2379 777 2442 sicut
799 2379 891 2458 nosti,
915 2380 1030 2443 ueritas
1055 2382 1224 2443 execratur.

273 2481 302 2546 8.
327 2483 412 2546 Bene
433 2486 538 2546 autern
559 2501 614 2546 nos
634 2482 723 2546 breui
742 2484 863 2565 psalmo
884 2483 939 2546 sed
953 2484 1046 2565 pleno
1063 2483 1243 2566 magisterio
1258 2482 1370 2548 beatus
1401 2516 1430 2556 ,ο

228 2589 392 2671 psalmista
423 2588 598 2652 conformat
628 2587 667 2650 ad
697 2588 795 2652 nostri
825 2587 1047 2652 moderaminis
1074 2590 1370 2669 temperamentum,

230 2711 301 2755 cunr
324 2691 468 2774 precibus
493 2693 557 2756 suis
580 2692 756 2776 praetendit
778 2692 926 2755 meritum
949 2691 1145 2772 humilitatis,
1169 2692 1289 2756 dicens:
1313 2692 1372 2756 do-

229 2798 341 2877 mino,
369 2815 440 2861 non
464 2802 521 2861 est
544 2798 746 2861 exaltatum
774 2815 835 2861 cor
863 2815 996 2874 meum,
1024 2815 1141 2878 neque
1169 2797 1260 2860 elati
1283 2800 1372 2861 sunt

229 2902 327 2965 oculi
355 2902 435 2965 mei.
467 2921 585 2983 neque
612 2902 803 2966 ambulaui
832 2902 867 2964 in
894 2903 1039 2984 magnis
1062 2919 1179 2982 neque
1204 2901 1240 2964 in
1264 2902 1372 2965 mira-

229 3005 369 3069 bilibus
393 3025 503 3088 snper
526 3025 589 3070 mc.
615 3010 647 3071 et
669 3006 779 3069 deinde
802 3006 855 3087 qui
878 3024 911 3069 se
934 3023 989 3087 pro
1013 3005 1113 3069 cordis
1129 3004 1306 3071 hnmilitate
1323 3025 1372 3069 re·
1398 3036 1429 3075 ss

230 3111 305 3193 spici
328 3110 549 3192 depoposcerat
572 3111 658 3175 dicit:
691 3111 721 3174 si
748 3129 818 3174 non
841 3110 1036 3173 humiliter
1059 3109 1282 3190 sentiebam,
1307 3113 1371 3175 sed

333 3282 360 3351 2]
381 3282 459 3336 Deut.
473 3286 496 3348 6,
512 3286 543 3338 13
562 3285 589 3336 et
608 3287 647 3345 10.
661 3286 707 3346 20;
725 3282 822 3337 Maith.
835 3284 860 3347 4,
874 3286 902 3346 73
920 3281 984 3336 Luc.
997 3284 1023 3346 4,
1036 3285 1059 3338 8.
1130 3282 1160 3351 4]
1179 3282 1265 3349 (Rom.
1279 3286 1304 3346 8,
1317 3284 1370 3351 20).

231 3368 276 3437 15]
295 3367 451 3436 (111122).
524 3370 568 3439 17]
588 3370 629 3424 Es.
644 3373 668 3434 5,
682 3373 723 3425 20.
806 3371 849 3439 19]
869 3369 959 3438 (Eccli.
975 3372 1014 3434 19,
1027 3369 1079 3438 23).
1150 3370 1196 3438 22]
1216 3368 1259 3423 Ps.
1274 3371 1332 3435 130,
1349 3374 1370 3427 l.

231 3456 278 3524 26]
296 3456 340 3509 Ps.
356 3458 450 3519 1312.

276 3620 461 3677 lhnmilitate
478 3624 504 3678 U
555 3621 778 3677 adsumam]
826 3622 889 3691 ipsi]
903 3621 941 3674 illi
954 3623 1020 3676 1311
1067 3622 1375 3691 4nemini]n0nFPU

229 3708 478 3773 5110111111.
532 3708 640 3761 infimus
658 3708 717 3764 FU
766 3708 825 3761 aliis
843 3727 895 3764 om.
914 3709 952 3763 Μ
1005 3710 1094 3762 desse
1112 3708 1180 3762 liber
1199 3709 1236 3763 M
1293 3711 1370 3778 lpr.

231 3798 258 3848 et
276 3814 326 3852 om.
346 3795 377 3849 F
435 3795 592 3850 bseculnm
615 3796 665 3849 hoc
689 3796 720 3849 F
778 3799 810 3851 10
829 3795 967 3866 sortitura
988 3797 1015 3850 L
1080 3798 1112 3851 12
1131 3813 1160 3849 ex
1178 3796 1299 3866 ignauia]
1318 3797 1371 3850 exi·

296 3882 302 3915 1

229 3893 347 3995 guanF
398 3928 430 3980 14
447 3925 551 3979 familia
566 3928 593 3982 U
644 3929 675 3982 15
689 3943 757 3993 aqna
769 3926 861 3979 uinum
880 3945 903 3989 o,
923 3942 991 3994 aqna
1004 3926 1066 3980 uino
1084 3926 1114 3995 0,
1132 3942 1228 3994 nquam
1246 3926 1370 3985 uinocca.

229 4014 338 4082 aquoso]
358 4013 434 4080 aquis
457 4013 499 4068 Oc
556 4012 729 4066 adultationis
749 4014 778 4067 F
829 4017 861 4069 16
880 4013 1049 4070 inerbansO
1103 4017 1134 4069 17
1153 4013 1255 4067 melum
1273 4014 1376 4071 FP¹U

230 4103 262 4157 18
275 4117 396 4153 amarum
409 4098 510 4156 FP²U
558 4101 717 4154 iniustitiam
731 4100 832 4156 FP²U
882 4104 914 4156 19
927 4103 985 4170 per]
1006 4102 1123 4169 superL
1174 4100 1376 4157 20uobisLM

229 4189 260 4241 21
281 4187 449 4240 conformans
468 4187 509 4241 P¹
575 4187 608 4240 ad
627 4205 686 4257 cap.
706 4189 743 4242 M
803 4187 1055 4243 22111111111111111111
1112 4191 1146 4244 211
1165 4187 1320 4257 deposceret
1336 4191 1372 4258 F,

229 4273 417 4344 depoposcerat
434 4273 476 4328 L¹
531 4274 553 4327 si
572 4292 622 4329 ont.
642 4275 727 4330 FPU
