3036 4770
517 325 1059 396 emmssmwfflmaaa
1296 307 1358 373 lm

219 504 391 584 adueniret,
423 503 475 584 qui
503 520 559 566 nos
582 503 620 565 de
643 502 704 565 tuis
732 501 903 565 msceribus
931 499 1042 564 inbuto
1066 500 1178 564 affectu
1202 500 1358 565 desidera·

219 613 318 688 uerat,
349 626 389 672 ns
415 608 465 671 uel
493 607 608 671 iterum
631 610 701 670 tuas
730 605 819 669 nobis
842 605 962 669 litteras
990 604 1186 669 Marraciuus
1212 605 1357 686 adferret,

219 712 272 794 qui
288 712 450 790 diuinitus,
471 713 507 774 ut
521 711 622 790 credo,
643 710 795 793 inspirata
811 708 871 773 sibi
886 712 942 772 aut
956 709 1144 773 uerecundia
1159 727 1216 773 nos
1231 709 1358 774 uidendi

218 820 272 880 aut
292 816 419 900 pigritia
441 816 524 880 ultra
547 814 656 879 urbem
676 815 795 878 itineris
816 814 992 897 porrigendi
1010 813 1128 877 Romae
1147 815 1266 878 litteras
1286 817 1357 878 tuas

184 921 398 1003 ssupradicto
430 921 520 984 fratri
551 919 647 999 dedit,
683 919 823 1002 gaudens
857 919 955 1000 optati
989 919 1149 983 occasione
1184 918 1357 1001 conpendii,

218 1043 279 1106 qua
302 1025 360 1089 sibi
384 1024 552 1088 aduersum
575 1027 630 1087 tna
651 1027 818 1104 praecepta
840 1023 1016 1086 consultum
1038 1023 1180 1104 putabat,
1204 1042 1243 1086 ne
1266 1040 1357 1105 coge·

217 1134 303 1193 retur
326 1129 515 1192 monachum
539 1129 647 1191 autin
670 1146 713 1206 se,
738 1132 773 1190 ut
795 1127 942 1206 iusseras,
965 1126 1083 1210 fingere
1105 1131 1159 1190 aut
1181 1127 1213 1190 in
1236 1145 1298 1205 me,
1321 1130 1356 1188 ut

217 1251 344 1297 necesse
368 1236 443 1312 erat,
471 1251 607 1296 cernere.
645 1232 704 1296 sibi
732 1249 803 1314 ergo
827 1231 880 1294 ille
903 1230 1018 1295 habeat
1039 1231 1242 1295 armilausam
1266 1248 1356 1293 suam

219 1341 249 1400 et
271 1355 344 1401 suas
367 1337 484 1420 caligas
511 1341 542 1400 et
570 1353 642 1400 suas
665 1335 791 1415 buccas,
814 1353 946 1417 quarum
974 1335 1035 1398 alia
1057 1339 1189 1414 mutare,
1219 1335 1281 1399 alia
1304 1335 1356 1397 de-

165 1468 190 1507 ro
218 1441 328 1505 ducere
351 1441 465 1505 timuit.

260 1543 289 1608 2.
323 1545 388 1609 Nos
418 1545 531 1609 adeant
562 1548 594 1608 et
622 1545 763 1607 reuisant
790 1544 965 1607 conseruuli
993 1546 1024 1606 et
1053 1543 1220 1626 conpellidi
1246 1544 1355 1625 nostri,

217 1667 279 1713 non
313 1648 453 1713 uestibus
482 1647 574 1731 pictis
610 1648 736 1730 superbi
768 1648 822 1711 sed
852 1645 1050 1711 horrentibus
1083 1648 1190 1712 ciliciis
1221 1648 1355 1712 humiles

217 1773 274 1817 nec
297 1754 460 1836 chlamyde
483 1753 629 1817 curtalini
652 1752 706 1816 sod
729 1753 846 1835 sagulis
861 1752 980 1834 palliati
1001 1770 1060 1816 nec
1075 1752 1178 1816 balteo
1199 1753 1253 1815 sed
1272 1757 1355 1816 reste

217 1859 365 1921 succincti
395 1876 452 1921 nec
483 1857 613 1940 inproba
643 1856 764 1920 adtonsi
791 1856 899 1938 capitis
927 1857 1029 1920 fronte
1057 1857 1159 1920 criniti
1188 1856 1242 1920 scd
1268 1861 1356 1920 casta

161 1950 201 2027 1⁵¹
217 1961 409 2025 informitate
437 1962 584 2042 capillum
613 1960 651 2024 ad
679 1964 782 2024 cutem
809 1960 892 2024 caesi
916 1964 947 2024 et
968 1960 1171 2042 inaequaliter
1193 1961 1356 2025 semitonsi

217 2069 247 2129 et
267 2066 416 2130 destituta
431 2066 532 2129 fronte
547 2065 694 2147 praerasi.
719 2067 750 2127 et
772 2068 883 2127 ornatu
903 2065 1071 2147 pudicitiae
1093 2066 1228 2129 inornati
1251 2069 1283 2129 et
1302 2065 1355 2128 de·

216 2174 321 2233 center
343 2169 452 2233 inculti
476 2170 538 2233 sint
559 2173 590 2233 et
610 2169 830 2233 honorabiliter
850 2168 1064 2251 despicabiles,
1088 2187 1160 2234 cum
1182 2169 1354 2252 ingenitam

217 2292 338 2356 qnoque
361 2275 497 2357 speciem
521 2274 657 2355 corporis
680 2292 735 2354 pro
758 2273 900 2336 interiore
924 2274 1011 2336 cultu
1034 2277 1238 2354 aspernantes
1259 2274 1353 2338 etiam

216 2379 319 2442 studio
343 2379 567 2457 deformantur,
596 2381 632 2440 ut
654 2378 731 2441 fiant
753 2377 905 2458 pudenter
927 2377 1084 2441 inhonesti
1105 2378 1254 2458 uultibus,
1278 2378 1354 2442 dum

160 2510 187 2548 ιο
215 2483 415 2564 perficiantur
437 2482 614 2546 salutariter
637 2481 760 2545 honesti
787 2482 953 2545 mentibus.
989 2481 1167 2546 huiusmodi
1190 2483 1353 2546 hominum

215 2590 246 2650 et
273 2588 378 2650 uultus
407 2590 437 2650 et
459 2585 583 2650 habitus
612 2590 642 2649 et
668 2585 741 2649 odor
765 2603 914 2649 nauseam
941 2587 1003 2649 illis
1027 2586 1112 2663 facit,
1140 2586 1252 2668 quibus
1280 2587 1354 2652 odor

215 2691 323 2755 mortis
355 2695 403 2755 est
432 2691 464 2754 in
496 2692 621 2754 odorem
652 2690 745 2769 uitae,
777 2689 890 2771 quibus
920 2691 1009 2753 dulce
1039 2690 1120 2772 quod
1150 2709 1292 2755 amarum
1322 2697 1354 2756 et

215 2798 304 2878 turpe
335 2795 415 2876 quod
446 2800 568 2859 castum
600 2799 631 2858 et
660 2795 772 2859 hostile
803 2794 885 2876 quod
915 2798 1057 2858 sanctum
1089 2799 1145 2859 est.
1190 2799 1354 2878 propterea

214 2899 331 2962 iustum
357 2904 413 2978 est,
442 2903 478 2962 nt
505 2899 672 2962 reddamus
695 2898 756 2962 illis
781 2898 891 2977 uicem,
915 2902 949 2962 ut
973 2900 1013 2962 sit
1036 2897 1126 2963 nobis
1149 2899 1224 2963 odor
1246 2918 1352 2964 eorum

160 3030 186 3070 ss
214 3006 376 3084 tamquam
404 3004 477 3067 odor
506 3004 624 3083 mortis,
655 3021 694 3065 ne
717 3003 898 3066 desinamus
926 3022 994 3067 esse
1018 3003 1092 3067 odor
1115 3003 1240 3068 Christi.
1279 3004 1353 3085 quid

215 3108 297 3171 enim
329 3107 418 3171 nobis
448 3109 513 3171 iure
545 3110 757 3186 suscenseant,
790 3107 816 3170 si
844 3107 984 3171 uicissim
1014 3093 1105 3171 nobis
1133 3108 1250 3173 foeteat
1279 3109 1353 3173 odor

213 3212 298 3276 uitae
321 3230 438 3291 eorum,
463 3211 575 3294 quibus
599 3212 673 3275 odor
695 3214 801 3276 noster
823 3211 855 3275 in
879 3216 1012 3277 mortem
1037 3215 1105 3277 est?
1129 3213 1181 3277 ille
1202 3213 1351 3278 ieiunium

317 3400 601 3470 summam
656 3401 876 3470 mmsm

257 3579 270 3630 1
291 3575 394 3628 ueniret
412 3577 449 3629 Μ
497 3578 514 3630 3
533 3577 564 3628 ut
581 3594 631 3630 cm.
651 3576 764 3632 FLPU
813 3576 941 3645 inspirata
960 3577 1010 3630 sibi
1029 3596 1052 3645 v,
1072 3577 1228 3647 inspiratam
1247 3577 1298 3633 sibi
1320 3580 1351 3648 0,

213 3661 357 3731 inspiratus
375 3660 412 3714 ibi
432 3669 476 3717 cet.
531 3663 677 3729 6quicM
726 3664 923 3731 cogeremurF
972 3665 1118 3719 liusscrst
1130 3665 1191 3734 FP,
1210 3666 1312 3720 iuxerat
1327 3668 1355 3724 U

213 3747 407 3803 ileliae-alias
422 3750 484 3803 ΒΜ
529 3752 558 3804 ll
574 3749 707 3801 reuiseant
719 3749 781 3816 FU,
794 3750 912 3803 reuissnt
925 3750 978 3804 LO
1020 3750 1151 3819 pallidiO
1205 3754 1236 3807 13
1250 3752 1350 3806 chlam-

213 3835 284 3889 mide
305 3835 336 3903 0,
355 3835 467 3889 clamide
486 3843 531 3891 cst.
607 3839 638 3890 14
656 3837 736 3889 crinit
754 3838 785 3891 F
845 3841 917 3890 caste
939 3840 965 3892 U
1035 3843 1065 3894 15
1084 3840 1230 3908 symolonsi
1248 3840 1351 3907 FP,si

212 3939 254 3975 me
273 3923 343 3975 tonsi
360 3925 387 3980 U
438 3925 469 3977 16
483 3922 646 3978 distitutaO
698 3923 878 3991 pudititian
932 3927 962 3979 17
977 3924 1193 3994 despicibilesM
1244 3929 1275 3982 19
1287 3943 1350 3996 pru-

213 4009 305 4063 deutes
324 4011 350 4063 L
403 4012 437 4065 20
455 4009 639 4064 salubriterF
689 4012 720 4065 21
740 4011 861 4063 nausiam
881 4011 977 4078 ΗΜ,
995 4028 1104 4066 nsnsem
1121 4015 1148 4069 U
1197 4013 1354 4069 faciatLM

212 4098 246 4152 23
264 4099 305 4150 est
323 4115 373 4151 om.
393 4097 423 4151 F
490 4099 523 4151 24
546 4097 587 4150 illi
609 4097 694 4152 FPU
760 4100 793 4152 25
817 4096 998 4151 desideramus
1021 4099 1051 4153 F
1118 4103 1151 4154 26
1174 4100 1202 4152 in
1225 4099 1301 4155 uobis
1323 4102 1350 4156 L

214 4188 384 4237 suscenseant
399 4184 430 4250 0,
442 4187 614 4238 succenseant
626 4191 671 4239 eet.
727 4182 809 4238 feteat
820 4185 881 4252 LO,
894 4183 961 4239 fetat
974 4186 1034 4252 FP,
1047 4190 1121 4255 petat
1137 4188 1163 4242 U
1212 4190 1245 4243 27
1259 4204 1356 4244 coruin-

213 4271 313 4329 omo
362 4274 501 4327 nostraeo
