3052 4784
550 336 697 408 epistula
714 336 846 404 XXXXV,
865 353 886 392 c.
900 340 977 395 3-5.
1276 317 1340 384 383

196 517 417 598 praeuenimus
430 533 567 596 excessu,
583 533 645 579 nou
658 514 745 578 obitu
757 514 812 579 sed
824 514 980 578 sententia
995 513 1175 578 recedentes
1191 513 1230 577 ab
1247 513 1345 588 huius

196 620 315 684 saeculi
337 621 415 700 uita,
446 638 524 702 quae
547 623 615 685 tota
636 619 881 702 temptationum
904 619 965 699 uel,
994 622 1031 684 ut
1052 622 1087 682 tu
1110 618 1277 700 aliquando
1300 618 1339 682 ad

196 742 248 788 me
269 726 392 789 locutus
416 744 460 806 es,
483 728 550 789 tota
572 724 737 807 temptatio
760 727 817 789 est.
856 724 978 788 utinam
1002 742 1075 807 ergo
1099 724 1144 787 sic
1166 723 1340 806 dirigantur

195 829 267 893 uiae
296 847 385 892 meae
412 832 483 912 post
509 829 643 912 uestigia
669 832 732 909 tua,
764 831 800 892 ut
826 828 966 910 exemplo
993 830 1046 892 tuo
1074 827 1198 891 soluens
1229 828 1340 892 calcia·

156 937 342 1001 ementem
371 937 465 998 uetus
492 933 530 997 de
561 932 690 1016 pedibus
721 935 800 997 meis
829 933 1024 1016 disrumpam
1053 933 1180 997 uincula
1208 951 1280 997 mea
1310 936 1340 997 et

194 1037 275 1103 liber
294 1038 432 1103 exultem
451 1038 491 1102 ad
511 1038 698 1102 currendam
717 1039 811 1119 niam,
835 1056 897 1120 quo
916 1038 1036 1121 possim
1056 1037 1186 1119 adsequi
1205 1040 1339 1102 mortem

195 1143 300 1222 istam,
330 1160 392 1224 qua
414 1145 450 1206 tu
477 1145 619 1207 mortuus
646 1161 680 1207 es
703 1143 775 1207 huic
798 1143 932 1223 saeculo,
963 1146 1000 1206 ut
1022 1143 1111 1205 ninas
1134 1142 1191 1206 deo
1215 1141 1339 1206 Christo

195 1248 322 1311 uiuente
348 1247 380 1310 in
403 1250 445 1328 te,
475 1247 562 1311 cuius
591 1250 622 1311 ιι
648 1264 733 1311 mors
761 1251 793 1311 ιι
820 1248 886 1312 uita
911 1248 943 1310 iu
967 1263 1093 1329 corpore
1116 1249 1169 1310 tuo
1193 1249 1226 1310 ιι
1247 1247 1339 1311 corde

195 1355 227 1416 ιι
256 1370 308 1415 ιιι
339 1352 547 1435 cognoscitur,
578 1352 739 1433 quianon
766 1352 850 1433 sapit
875 1369 928 1415 cor
953 1354 1045 1415 tuum
1066 1353 1193 1414 terrena
1219 1369 1276 1414 nec
1304 1369 1338 1415 os

147 1485 168 1521 ιο
195 1460 288 1521 tuum
313 1456 451 1538 loquitur
481 1474 576 1539 opera
601 1457 775 1537 hominum,
806 1457 860 1520 sed
891 1455 1026 1520 uerbum
1053 1454 1170 1520 Christi
1200 1454 1340 1520 abundat

195 1561 228 1624 in
258 1563 384 1643 pectore
413 1563 468 1624 tuo
498 1564 531 1624 et
559 1561 687 1644 spiritus
718 1561 858 1625 ueritatis
888 1560 1057 1624 effunditur
1084 1561 1116 1624 in
1143 1561 1252 1644 lingua
1274 1563 1338 1641 tua,

194 1665 324 1747 superni
345 1663 486 1728 fluminis
508 1665 627 1748 impetu
650 1664 824 1729 laetificans
847 1665 1008 1730 ciuitatem
1030 1664 1089 1729 dei.

238 1767 268 1832 h.
301 1767 387 1849 Quae
422 1772 528 1833 autem
557 1769 658 1833 nimus
688 1769 770 1833 hanc
803 1770 836 1834 in
866 1769 955 1834 nobis
990 1769 1085 1833 efficit
1115 1772 1248 1834 mortem
1278 1770 1339 1834 nisi

194 1874 319 1952 caritas,
346 1891 425 1954 quae
448 1873 560 1938 fortis
589 1876 647 1938 est
668 1862 712 1938 ‘ut
733 1877 853 1939 mors?
891 1875 936 1938 sic
959 1875 1042 1938 enim
1065 1873 1225 1938 oblitterat
1247 1873 1337 1938 nohis

147 2002 167 2044 ιι
195 1982 227 2042 ιι
252 1977 379 2061 perimit
405 1978 464 2042 hoc
491 1979 661 2060 sacculum,
692 1983 728 2043 ut
755 1979 874 2061 inpleat
900 1979 1011 2043 mortis
1039 1977 1185 2042 effectum
1209 1998 1265 2062 per
1292 1979 1339 2042 af-

194 2082 314 2147 fectum
337 2081 464 2161 Christi,
489 2083 521 2145 in
544 2101 639 2164 quern
661 2083 804 2147 conuersi
827 2083 999 2155 auertimur
1021 2082 1061 2146 ab
1085 2083 1143 2146 hoc
1167 2083 1284 2147 mundo
1307 2086 1340 2147 et

195 2186 246 2250 cui
274 2187 419 2250 uiuentes
449 2187 602 2251 morimur·
631 2186 671 2251 ab
698 2188 863 2251 elementis
890 2187 983 2251 huius
1014 2188 1133 2252 mundi.
1171 2206 1230 2251 nec
1255 2190 1338 2251 tarn-

194 2308 289 2372 quam
316 2290 461 2354 uiuentes
489 2291 522 2356 in
550 2309 658 2356 eorum
685 2295 854 2374 conspectu
884 2310 1005 2373 usuque
1029 2291 1236 2371 decernimus,
1267 2291 1338 2373 quia

193 2395 294 2476 portio
317 2397 425 2459 nostra
447 2414 532 2460 mors
552 2395 668 2460 Christi
690 2400 747 2476 est,
771 2397 859 2460 cuius
882 2397 1055 2460 amortuis
1077 2396 1336 2460 resurrectionem

147 2526 168 2566 a
195 2516 258 2563 non
278 2498 540 2582 adprehendimus
561 2500 593 2563 in
613 2500 721 2583 gloria,
744 2501 804 2564 nisi
824 2504 958 2565 mortem
979 2501 1047 2564 eius
1067 2501 1099 2564 in
1119 2518 1209 2564 cruce
1229 2500 1337 2564 morti·

193 2601 292 2667 ficatis
312 2604 463 2668 memhris
484 2607 517 2669 et
535 2604 680 2668 sensibus
701 2605 803 2669 carnis
823 2605 993 2686 imitemur,
1014 2606 1131 2668 utiam
1152 2623 1215 2669 non
1230 2608 1337 2668 nostra

194 2707 358 2772 uoluntate
376 2708 521 2772 uiuamus
542 2709 596 2772 sed
615 2708 711 2788 illius,
731 2710 819 2773 cuius
838 2710 985 2774 uoluntas
1006 2707 1209 2773 sanctificatio
1229 2712 1337 2773 nostra

194 2815 243 2876 est
271 2817 304 2877 et
330 2813 384 2894 qui
410 2813 478 2877 ideo
505 2831 561 2897 pro
588 2812 677 2877 nobis
704 2817 847 2878 mortuus
875 2817 923 2878 est
950 2817 981 2877 et
1006 2813 1184 2894 resurrexit,
1214 2813 1335 2878 utiam

194 2935 256 2981 non
279 2916 374 2999 nobie,
392 2916 448 2981 sed
470 2917 518 2981 illi
540 2916 695 2996 uiuamus,
726 2918 778 2999 qui
800 2935 856 3001 pro
882 2918 972 2982 nobis
996 2922 1138 2982 mortuus
1161 2921 1211 2982 est
1233 2921 1265 2982 ιι
1287 2938 1336 2982 re-

147 3046 166 3085 s
194 3021 326 3086 surrexit
349 3025 381 3085 ιι
403 3021 488 3085 dedit
509 3021 599 3086 nobis
621 3022 734 3104 pignus
756 3023 1007 3104 repromissionis
1035 3040 1110 3086 suae
1132 3023 1245 3105 spiritu
1268 3040 1335 3104 suo,

193 3125 275 3190 sicut
304 3126 419 3209 pignus
452 3126 536 3190 uitae
570 3129 695 3190 nostrae
724 3126 829 3208 posuit
861 3127 893 3190 in
923 3126 1017 3190 caelis
1047 3127 1079 3190 iu
1110 3145 1238 3210 corpore
1268 3144 1335 3208 suo,

297 3314 325 3384 2]
345 3313 468 3383 (August.
482 3331 521 3383 ep.
535 3317 577 3379 95,
590 3330 612 3368 c.
625 3315 661 3384 2).
722 3315 766 3384 10]
785 3314 890 3382 (cora,
905 3316 956 3384 10).
1012 3315 1056 3384 ll]
1076 3316 1130 3383 (Ps.
1142 3318 1185 3385 45,
1198 3317 1232 3385 5).
1288 3316 1333 3386 14]

192 3400 270 3456 Cant.
284 3404 308 3466 8,
321 3403 345 3456 6.
408 3401 454 3471 17]
472 3400 538 3470 (Col.
552 3403 577 3467 2,
589 3401 641 3471 20).
704 3401 750 3471 20]
770 3401 794 3469 (Ι
812 3401 903 3455 Thess.
917 3405 941 3467 4,
954 3403 989 3471 3).
1050 3403 1097 3472 23]
1116 3402 1266 3470 (HCon5,
1282 3404 1333 3472 15).

238 3569 251 3622 l
264 3566 468 3636 praeueniamus
480 3565 521 3630 ⁵¹3
539 3565 596 3635 lege
608 3567 659 3621 hoc
671 3569 758 3621 totum
770 3566 886 3620 fideliter
898 3568 962 3623 cdd.
979 3567 1084 3624 Oneon.
1097 3585 1118 3623 s.
1135 3568 1230 3624 VIIII
1237 3570 1269 3624 ιιι
1281 3588 1333 3640 mp.

192 3653 327 3709 obitusC
377 3654 632 3723 2temptationum]
651 3652 731 3723 plena
747 3655 811 3709 cdd.
825 3657 858 3714 ιζ
869 3655 957 3711 Rosw.
1010 3655 1172 3723 Bloquutns
1186 3661 1214 3709 Φ
1266 3656 1334 3713 5(1ι

197 3747 255 3808 ΥΦ,
274 3757 291 3793 ι
312 3740 371 3801 Cet
381 3741 471 3797 Rosw.
525 3741 692 3811 dirrumpam
714 3741 743 3808 0,
762 3741 915 3811 dirumpam
933 3745 967 3802 εζ
978 3743 1067 3798 Romo.
1121 3743 1256 3798 ichristo
1273 3750 1333 3814 ΥΦ,

191 3827 220 3881 in
239 3827 339 3882 christo
361 3827 419 3888 Οεζ
430 3829 518 3884 Rosea
591 3832 624 3884 10
646 3845 725 3898 opera
743 3847 793 3885 om.
819 3835 842 3880 Y
909 3828 1049 3884 habundat
1076 3831 1165 3890 Υφεζ
1232 3833 1264 3886 12
1282 3831 1333 3885 im·

190 3913 340 3983 plotumC
409 3918 442 3970 14
459 3913 600 3970 oblicterat
617 3916 650 3976 εζ
721 3919 753 3970 15
770 3916 900 3985 perhimit
922 3915 959 3969 Υι
1029 3917 1125 3970 effectu
1147 3923 1171 3970 Y
1235 3921 1266 3974 17
1286 3918 1333 3972 ι11·

190 4027 289 4081 mentis
311 4026 383 4081 ΥΦ1
438 4031 471 4084 18
489 4043 590 4096 usuque
613 4033 672 4097 ΥΦ,
690 4043 774 4100 usque
793 4029 816 4097 (¹¹
827 4048 861 4084 m.
873 4030 901 4099 2)
923 4030 952 4097 C,
970 4029 1082 4097 uisuque
1100 4031 1132 4090 εζ
1143 4030 1232 4086 Rosw.
1287 4031 1333 4085 de-

191 4113 326 4168 cernimur
347 4114 407 4174 Cr(
458 4118 494 4171 20
511 4114 752 4184 adpraehendimus
772 4122 800 4170 Φ
852 4116 931 4170 huius
950 4117 1062 4172 Lchrem
1118 4119 1153 4172 24
1169 4133 1218 4187 pro
1236 4137 1287 4175 om.
1311 4126 1335 4173 Y

190 4216 240 4270 pro
257 4200 335 4254 nobis
351 4201 444 4271 proC
514 4204 553 4256 est
571 4220 621 4258 om.
645 4207 669 4253 Υ
730 4206 764 4259 25
782 4207 810 4257 ιι
827 4202 902 4257 dedit
920 4221 970 4259 om.
994 4209 1018 4256 Y
1079 4205 1329 4273 repromissionis-

190 4287 289 4358 pignus
306 4291 338 4343 in
356 4305 439 4359 maro.
453 4291 584 4358 inferiore
601 4290 664 4345 cdd.
680 4295 716 4360 Φ,
734 4292 766 4345 in
784 4296 858 4348 cccco
875 4292 955 4348 inser.
974 4290 1011 4344 hd
1030 4290 1072 4364 (=
1086 4291 1131 4346 hic
1149 4291 1233 4367 deest)
