3036 4770
253 318 335 374 XIIII
734 321 910 377 Praefatio.

296 495 365 559 Hac
393 496 533 560 codicum
564 497 769 581 descriptione
799 498 880 579 quod
910 498 996 562 initio
1025 500 1201 581 posuimus,
1231 503 1392 583 qnondam

253 618 348 664 unam
382 601 494 665 saltem
520 602 776 666 Pauliniancrnm
805 620 935 686 opernm
964 604 1179 669 collectionem
1208 605 1391 673 institutam

253 705 358 785 fuisse,
389 725 468 788 quac
498 706 623 788 quidem
652 707 802 790 epistulas
828 707 989 790 plurimas,
1019 708 1074 772 aed
1101 711 1239 776 carmina
1264 716 1392 795 praeter

254 830 379 877 carmen
411 809 463 893 22,
494 811 575 893 qnod
605 829 676 875 cnm
708 811 842 893 epistula
872 810 913 875 16
943 830 1004 876 nna
1033 812 1072 877 nd
1101 813 1224 879 Ionium
1253 816 1391 884 missum

252 935 351 998 neque
374 920 483 1002 postea
505 915 544 979 ab
569 932 605 978 ea
627 920 806 997 separatum
830 920 906 996 erat,
929 919 1080 1000 receperit
1101 918 1197 999 nulla,
1220 921 1297 985 satis
1317 941 1392 1004 pro-

250 1021 353 1087 batur.
378 1021 498 1086 codices
514 1020 596 1084 enirn
612 1017 765 1082 LMFPU
772 1020 963 1085 carminibus
987 1026 1102 1103 carent,
1122 1020 1149 1084 O
1168 1028 1273 1088 autem
1296 1044 1391 1092 suam

251 1131 372 1210 partem
392 1144 499 1190 eorum
519 1127 552 1190 in
571 1124 633 1189 tine
653 1125 804 1189 adiectam
824 1125 927 1189 habet.
966 1144 1023 1189 nec
1039 1127 1142 1191 minus
1158 1128 1319 1211 probabile
1339 1136 1392 1198 est

251 1231 388 1297 codicem
411 1228 438 1292 O
465 1247 543 1312 quas
572 1230 655 1295 solus
682 1233 754 1313 post
783 1231 922 1294 carmina
951 1232 1069 1315 recepit
1099 1232 1248 1316 epistulas
1277 1233 1331 1317 49,
1346 1235 1390 1302 13

251 1335 331 1418 (cap.
355 1332 611 1418 1-10),1t,27
640 1353 701 1398 nou
730 1353 766 1398 ex
793 1335 951 1399 communi
979 1335 1147 1420 archetypo
1169 1337 1188 1401 i.
1207 1357 1232 1401 e.
1258 1340 1391 1423 antiqua

250 1439 305 1504 illa
328 1439 448 1522 sylloge
470 1439 524 1503 sed
548 1438 671 1503 aliunde
693 1439 819 1522 petisse.
865 1458 901 1503 ex
928 1457 991 1504 uno
1013 1444 1119 1505 autam
1140 1441 1306 1526 archetypo
1329 1445 1390 1510 hos

251 1562 304 1607 sex
336 1543 456 1607 codices
486 1543 672 1606 descendere
705 1561 777 1606 cum
812 1544 1012 1608 exterioribus
1046 1544 1178 1626 indicfis,
1211 1565 1291 1630 quae
1320 1552 1390 1615 tcto

253 1648 455 1729 epistularum
489 1648 608 1727 ordine,
645 1663 795 1729 peruersa
831 1648 1051 1712 nonnullarum
1085 1650 1301 1717 coniunctione
1335 1655 1389 1721 nel

250 1753 445 1834 separatione
462 1752 708 1836 suppeditantur,
727 1756 794 1816 turn
815 1753 1037 1834 seripturarum
1058 1770 1211 1819 consensu
1232 1756 1283 1821 nel
1302 1755 1389 1838 ipso-

249 1875 319 1920 rum
348 1874 487 1921 errorum
514 1856 681 1940 generibus
709 1857 819 1920 elucet.
857 1861 893 1920 ut
918 1874 1018 1939 panca
1045 1857 1224 1941 afferantur,
1252 1861 1390 1944 epistula

249 1958 291 2022 23
307 1962 388 2025 male
405 1962 435 2025 in
452 1961 529 2025 duas
545 1966 649 2044 partes
672 1979 697 2025 c.
717 1958 800 2022 1-9
821 1963 852 2024 et
871 1978 897 2024 c.
913 1959 1037 2023 10-47
1054 1963 1087 2026 iu
1106 1964 1250 2029 omnibns
1273 1965 1388 2031 codici·

248 2064 309 2129 bus
331 2069 453 2149 practer
472 2066 703 2130 recentissimos
718 2063 793 2128 Fet
809 2062 842 2146 U,
866 2083 997 2146 quorum
1019 2066 1052 2130 in
1072 2067 1121 2132 his
1140 2068 1234 2132 rebus
1254 2070 1388 2134 auctori·

249 2173 298 2233 tas
326 2171 412 2234 nulla
439 2174 497 2250 est,
526 2169 681 2234 diuiditur.
719 2169 751 2233 in
778 2168 923 2233 omnibus
951 2169 1104 2253 epistulae
1130 2169 1173 2235 33
1194 2172 1266 2237 finis
1290 2176 1321 2237 et
1344 2173 1387 2238 13

249 2274 375 2339 initium
406 2275 519 2339 desunt
547 2278 766 2357 postremaque
794 2273 877 2337 illius
905 2273 1001 2338 uerba
1027 2273 1071 2358 (p.
1089 2273 1162 2356 303,
1177 2276 1210 2359 1)
1231 2297 1386 2362 percusso

250 2377 358 2442 cordia
385 2397 456 2444 cum
484 2379 637 2462 epistulae
666 2375 706 2439 13
729 2396 754 2442 c.
774 2375 815 2441 10
840 2377 945 2442 uerbis
972 2377 1016 2461 (p.
1033 2375 1085 2459 92,
1100 2378 1132 2462 1)
1160 2389 1290 2444 mortam
1316 2402 1385 2466 ope-

248 2494 345 2549 rator
375 2485 540 2550 coniuncta
570 2486 653 2562 sunt,
684 2483 772 2546 cuius
802 2482 935 2565 priorem
966 2486 1089 2566 partem
1118 2483 1212 2549 codex
1243 2481 1270 2546 0
1299 2486 1384 2552 solus

247 2591 372 2656 aliunde
402 2591 616 2671 recuperatam
646 2587 678 2650 iu
708 2585 770 2650 duc
798 2585 925 2650 demum
955 2586 1075 2651 adiecit.
1112 2588 1236 2670 pristini
1267 2590 1384 2656 ordinis

247 2699 364 2774 autem,
380 2693 433 2758 ubi
448 2694 476 2756 is
491 2693 626 2756 maxime
642 2709 699 2755 nec
714 2691 782 2754 siue
798 2690 928 2756 consilio
942 2692 1127 2756 immutatus
1144 2696 1192 2756 est
1207 2693 1294 2758 uelut
1309 2693 1341 2757 in
1357 2692 1385 2757 L

247 2803 279 2862 et
297 2796 343 2880 M,
364 2797 497 2881 uestigia
517 2797 610 2861 etiam
631 2795 799 2860 manifesta
819 2798 978 2878 apparent.
1017 2795 1072 2859 sed
1092 2813 1153 2860 non
1174 2814 1237 2862 una
1252 2797 1383 2863 directa-

247 2922 307 2985 que
336 2903 390 2966 nia
418 2902 539 2966 codices
568 2896 750 2962 FDOMPU
775 2917 811 2964 ex
845 2899 1010 2983 archetypo
1045 2898 1246 2966 deuenerunt.
1290 2902 1384 2968 artior

248 3024 321 3071 uero
344 3006 484 3071 codicum
507 3001 577 3067 ΕΜ
594 3007 626 3068 et
647 3000 738 3065 FPU
752 3004 895 3086 coguatio
923 3008 954 3068 et
981 3021 1060 3084 quac
1088 3003 1152 3073 siut
1177 3004 1258 3069 inter
1280 3008 1382 3071 utros·

247 3129 307 3193 que
331 3115 362 3174 et
384 3110 521 3175 codicem
541 3106 569 3172 O
588 3108 638 3172 uel
659 3107 862 3189 archetypum
884 3107 973 3188 ratio,
996 3107 1054 3171 hac
1073 3106 1174 3191 ligura
1193 3109 1381 3174 illustratur:

737 3243 896 3314 archetypus

695 3578 718 3634 ⁰
933 3607 1036 3841 N

1009 3854 1074 3908 cM

738 3912 823 4082 FIU

780 3872 799 3908 x

290 4151 410 4217 Codicis
433 4148 460 4211 0
485 4150 581 4233 igitur
609 4167 766 4213 summam
794 4168 862 4212 esse
891 4150 1100 4214 sinceritatem
1129 4153 1223 4229 atque
1246 4149 1378 4212 anctori-

245 4260 354 4336 tatem,
383 4255 434 4337 qui
461 4254 553 4336 longe
580 4254 721 4335 plurimis
749 4253 823 4318 locis
847 4255 1032 4336 scripturam
1055 4269 1162 4316 ueram
1185 4252 1235 4315 uel
1258 4269 1336 4332 quae
1360 4270 1378 4316 a
