3036 4770
171 300 231 367 158
498 319 523 372 S.
536 318 671 373 Psulini
690 317 810 372 Nolani
828 318 975 388 episcopi

168 496 271 560 ouius
300 495 571 579 magnitudinis
600 513 671 559 non
699 498 757 559 est
782 495 888 569 tinis3
919 494 973 559 sed
1001 493 1090 558 nobis
1116 495 1148 557 in
1176 510 1211 558 eo
1235 492 1311 558 linis

168 601 218 680 sit,
244 605 278 664 ut
300 620 354 684 per
377 601 480 683 ipsum
505 603 570 665 sine
594 600 655 664 line
678 601 835 679 uiuamus,
859 599 972 681 quibus
993 599 1133 664 Christus
1158 601 1190 662 et
1211 618 1310 682 gene-

167 705 231 769 rale
258 705 381 769 initium
411 709 469 784 est,
500 706 573 786 quia
600 725 664 788 per
690 705 811 788 ipsum
840 705 976 783 omnia,
1008 707 1039 767 et
1061 703 1193 786 speoiele
1217 703 1311 767 festi·

166 811 264 893 glum,
295 810 369 892 quia
395 814 489 892 ceput
516 810 662 892 eorporis,
693 810 779 873 ouius
805 807 948 872 membro
970 827 1088 872 sumus.
1127 808 1247 871 duleis
1271 811 1310 871 et

165 918 289 978 reotus
306 919 363 978 est
378 915 562 993 dominus,
579 915 677 979 duleis
689 914 721 978 in
737 919 767 979 to
784 914 858 977 mihi
876 917 916 994 et,
933 932 1040 995 quam
1056 911 1200 997 (multu)
1214 912 1309 976 mul·
1352 940 1365 978 s

165 1019 287 1082 titudo
310 1018 520 1082 dulcedinis
545 1019 621 1098 eius,
645 1022 678 1082 tu
695 1019 787 1090 milri:
810 1037 883 1082 num
901 1021 1036 1100 quantus
1053 1036 1097 1097 es,
1112 1035 1174 1099 que
1188 1023 1308 1097 mente,

166 1141 227 1204 qua
248 1123 357 1206 lingua
380 1141 424 1201 es,
448 1127 531 1187 totus
555 1123 741 1186 desiderium
766 1142 798 1187 es
822 1123 953 1186 etmihi
977 1122 1170 1185 dnlcedinem
1189 1121 1309 1186 Christi

166 1228 249 1310 sepis
273 1232 307 1290 ιι
329 1228 436 1291 hortus
460 1228 547 1307 milri,
578 1232 617 1291 ιι
644 1228 731 1291 odor
758 1227 976 1310 agripleni,
1007 1244 1099 1307 quem
1121 1227 1155 1290 in
1178 1226 1307 1290 odorem

166 1336 397 1414 unguentorum
424 1332 507 1396 illius
535 1332 686 1395 currendo
714 1333 827 1416 legisti.
867 1350 941 1395 nam
971 1336 1002 1394 et
1029 1350 1102 1414 eger
1125 1335 1160 1394 tu
1186 1331 1232 1395 illi
1258 1350 1306 1412 es,

165 1436 217 1516 qni
240 1437 378 1499 uicissim
401 1454 475 1518 ager
497 1436 586 1500 nobis
610 1441 667 1500 est.
707 1438 739 1500 in
761 1438 829 1519 ipso
853 1437 936 1500 enirn
964 1436 1095 1499 serimus
1120 1439 1150 1498 et
1172 1433 1211 1499 eb
1235 1435 1306 1516 ipso
1336 1463 1362 1502 ιο

164 1540 322 1604 metimus
351 1558 425 1623 eger
452 1558 526 1604 uero
554 1545 599 1620 tu,
631 1558 691 1604 non
719 1542 771 1604 ille
800 1541 896 1621 spinis
923 1540 1067 1604 horridus
1095 1542 1150 1603 aut
1177 1538 1305 1604 heronis

165 1644 269 1707 aridus
297 1647 350 1707 eut
373 1644 505 1724 petrosis
533 1663 623 1726 asper
651 1650 681 1708 et
704 1645 816 1725 nudus
847 1646 878 1708 in
903 1664 963 1726 quo
987 1663 1095 1708 semen
1118 1643 1225 1708 datum
1249 1648 1307 1709 eut

163 1748 343 1812 subtooetur
366 1753 420 1812 out
447 1748 625 1812 destituitur
653 1754 707 1813 eut
737 1751 847 1828 uritur,
879 1750 933 1813 sed
961 1750 1023 1828 ille,
1060 1767 1168 1830 quem
1194 1747 1306 1812 bene-

163 1852 256 1916 dixit
279 1852 368 1916 deus
391 1871 410 1915 a
431 1870 513 1916 rore
536 1854 630 1917 coeli
657 1857 693 1916 et
720 1854 891 1917 ubertate
914 1857 1046 1917 terrae.
1085 1853 1167 1916 unde
1190 1856 1222 1916 et
1243 1852 1305 1917 lin-

162 1973 225 2039 gua
241 1961 295 2020 tua
314 1955 410 2020 uerbo
426 1957 475 2020 dei
494 1962 579 2022 rorat
599 1962 630 2021 et
650 1976 701 2021 oor
717 1962 807 2021 tuum
823 1959 925 2022 fertile
942 1959 998 2021 deo
1014 1975 1122 2022 semen
1138 1961 1304 2039 exceptum
1334 1986 1360 2024 re

163 2061 296 2143 spiritali
312 2063 401 2144 fruge
418 2063 615 2144 multiplicat,
636 2067 670 2126 ut
686 2064 723 2126 de
739 2063 892 2127 fructibus
908 2064 971 2127 tuis
991 2062 1135 2145 inpleat
1154 2080 1304 2127 monum

163 2183 265 2229 suam
293 2184 435 2231 messor
462 2171 498 2230 et
525 2167 644 2230 sinum
674 2186 777 2231 suum
807 2168 868 2249 qui
894 2167 1105 2249 manipnlos
1133 2167 1303 2249 conligit,

161 2268 220 2333 hoe
244 2273 291 2333 est
313 2270 378 2352 ipse
400 2271 486 2350 deus,
511 2272 560 2352 qui
584 2271 673 2335 uerbi
692 2273 723 2335 in
745 2272 835 2336 nobis
856 2272 903 2335 sui
924 2275 956 2335 et
976 2271 1146 2335 seminator
1167 2274 1198 2334 et
1217 2289 1304 2335 mes·

162 2391 213 2436 sor
241 2377 297 2438 est.
326 2375 392 2456 ipse
420 2378 451 2438 et
473 2394 585 2438 marrus
610 2376 662 2457 qui
686 2377 812 2440 dexteru
836 2377 895 2456 dei,
922 2395 1017 2457 quam
1040 2375 1131 2439 bonis
1154 2375 1302 2458 operibus

160 2479 332 2560 inplemus;
367 2480 450 2542 idem
481 2483 512 2544 et
542 2480 594 2543 illo
622 2479 784 2544 Abraham
813 2480 900 2544 sinus
931 2483 988 2559 est,
1019 2481 1051 2542 in
1078 2496 1140 2561 quo
1169 2498 1301 2562 operum
1331 2508 1359 2548 so

161 2584 303 2647 mercede
325 2585 559 2665 requiescimus.

203 2685 233 2750 2.
259 2686 308 2752 Sic
330 2688 381 2751 hio
404 2689 480 2752 deus
504 2689 537 2752 in
560 2693 616 2753 tue
642 2690 770 2753 caritate
798 2688 889 2754 nobis
917 2689 1080 2753 abundans
1107 2705 1169 2752 ιοι
1197 2688 1301 2754 solnm

160 2791 274 2855 litteris
298 2792 360 2855 tuis
383 2810 440 2856 nos
465 2793 518 2855 sed
542 2797 574 2857 et
596 2793 767 2857 tabellariis
790 2793 945 2858 benedicit
968 2793 1074 2857 uisitet
1096 2793 1196 2876 pessit
1216 2793 1301 2859 inlu-

161 2895 270 2975 minat,
294 2898 424 2977 utroque
445 2897 534 2960 nobis
552 2899 693 2979 aperiens
710 2899 891 2961 thesaurum
909 2898 1024 2962 bonum
1048 2898 1149 2961 cordis
1171 2898 1233 2970 tui;
1259 2917 1300 2962 ex

161 2998 391 3064 abundantia
422 3002 518 3064 enim
550 3002 670 3066 cordis
701 3020 739 3066 os
769 3003 934 3083 loquitur
964 3005 1004 3083 et,
1035 3020 1154 3082 omno,
1185 3003 1299 3084 inquit,
1328 3032 1356 3072 ss

161 3104 298 3167 animal
330 3105 373 3168 ad
405 3105 528 3169 simile
557 3105 630 3169 sibi
657 3112 916 3191 congregatur.
962 3111 1161 3190 propterea
1189 3107 1299 3172 bene·

264 3283 451 3354 meslete.
501 3286 529 3357 3]
543 3287 618 3340 Rom
631 3290 723 3351 11‚36.
771 3289 799 3359 4]
814 3288 890 3357 OEph.
903 3290 983 3351 1,22;
1002 3287 1058 3343 Col.
1071 3289 1155 3358 1,18).
1211 3288 1240 3359 5]
1253 3289 1297 3343 Ps.

159 3373 231 3434 24,8
249 3376 276 3424 et
293 3373 335 3436 30,
348 3375 389 3427 20.
443 3373 472 3442 8]
493 3373 558 3428 Gen.
572 3376 612 3436 27,
627 3377 667 3428 27.
725 3375 768 3444 ll]
788 3374 893 3442 (Metth.
905 3375 989 3442 13,4).
1062 3375 1108 3446 13]
1128 3373 1298 3439 oenones,

160 3458 204 3528 16]
223 3459 266 3511 Ps.
278 3460 336 3521 128,
346 3462 370 3512 7.
424 3460 470 3528 20]
489 3460 563 3526 (Luc.
576 3464 615 3524 16,
625 3462 677 3529 22).
731 3462 777 3532 24]
796 3461 891 3515 Metth.
905 3463 945 3524 12,
955 3463 996 3518 34.
1050 3461 1097 3533 25]
1110 3461 1191 3517 Ecoli.
1204 3464 1245 3527 13,
1255 3466 1297 3519 20.

158 3544 511 3616 mmmmoms
1047 3550 1050 3557 ⁴

201 3699 371 3773 lchristus]
391 3702 446 3772 ipse
465 3703 502 3758 M
550 3702 588 3772 et]
608 3703 691 3759 estF
740 3703 768 3774 5]
787 3707 827 3758 est
845 3722 895 3760 om.
909 3703 940 3759 F
988 3719 1069 3772 quem
1087 3704 1173 3759 mults
1189 3706 1298 3778 scripsi,

158 3803 238 3857 quern
256 3788 373 3855 FOPU,
396 3805 476 3857 quarn
494 3805 592 3857 magne
610 3792 679 3857 LM,
698 3794 796 3859 quanta
815 3810 831 3846 v
913 3792 929 3846 6
948 3795 1064 3860 quantus
1082 3795 1198 3861 quantus
1215 3792 1302 3852 FPU

487 3877 573 3911 ’[’ᾰιιῑ

158 3934 238 3986 quem
257 3921 351 3975 rirteO
404 3920 529 3989 llingoe
546 3923 668 3975 totusM
717 3937 744 3974 es
763 3939 813 3976 om.
827 3923 853 3976 L
907 3923 1088 3979 sortuanr
1136 3926 1298 3993 surgente·

158 4022 216 4059 rum
236 4006 292 4059 eius
311 4008 346 4061 M
396 4006 442 4060 ille
460 4007 501 4061 P¹
556 4010 589 4063 10
608 4007 683 4061 uobis
702 4010 868 4076 agerFPU
916 4009 961 4078 ab]
980 4010 1008 4063 in
1027 4011 1112 4068 FPU
1163 4014 1192 4066 ll
1213 4012 1298 4080 spinis

157 4093 307 4149 om.FPU
356 4097 388 4149 17
407 4093 514 4162 colliget
526 4094 610 4150 FPU
661 4097 692 4151 19
711 4095 769 4164 qui]
788 4099 864 4151 otM
912 4098 946 4152 20
965 4095 1105 4168 ebrehpP
1155 4099 1188 4153 22
1207 4098 1247 4153 sio
1266 4099 1298 4168 0,

158 4178 179 4230 si
192 4179 296 4243 FPUo,
315 4199 365 4235 one.
379 4182 443 4235 ΕΜ
492 4183 525 4235 24
539 4182 644 4249 utrique
661 4183 688 4237 U
737 4180 813 4235 nobis
830 4184 860 4250 0,
879 4182 955 4236 nobis
968 4190 1136 4240 muuereoet.
1195 4183 1297 4241 bonum

158 4281 208 4317 om.
228 4266 285 4320 FU
335 4269 367 4321 25
386 4268 458 4320 enim
475 4269 563 4335 inquit
581 4268 724 4334 FLOPU,
742 4287 793 4325 om.
813 4272 860 4335 Μ,·
877 4270 948 4324 enim
966 4271 1055 4326 delesti
