3036 4770
164 294 228 361 234
501 312 526 365 S.
539 310 671 366 Paulini
690 311 808 366 Nolani
828 313 975 383 episcopi

165 489 206 551 de
223 489 360 571 spiritu
376 492 490 553 metet
507 489 623 554 uitam
639 495 839 553 aeternam.
865 489 941 553 mihi
958 491 1041 553 enim
1065 491 1156 555 crede
1172 509 1233 555 non
1250 508 1308 573 po·

164 593 238 656 teris
258 594 392 676 gaudere
412 612 484 657 cum
500 593 635 674 Christo,
659 594 718 657 nisi
738 593 873 677 gaudere
893 593 1049 658 destiteris
1069 612 1142 658 cum
1161 595 1221 659 hoc
1236 613 1307 659 see·

163 697 243 761 culo.
280 698 342 761 nisi
367 698 458 762 modo
486 698 620 779 fleueris
652 717 714 763 non
736 697 851 763 ridebis
879 698 911 762 in
935 701 1112 773 aeternum3
1140 700 1165 763 si
1187 703 1219 763 te
1242 718 1305 764 non

163 802 377 867 humiliareris
398 821 416 866 a
437 803 561 885 teipso,
585 823 646 867 uon
664 803 863 877 exaltaberis3
887 802 928 885 <si
945 820 1006 868 nou
1027 802 1218 888 despexeris>
1236 804 1306 868 ina-

163 925 236 970 nem
257 908 387 990 gloriam
408 907 527 987 mundi,
552 926 614 972 non
634 908 813 990 adipisceris
832 926 1003 990 perennem
1023 909 1154 991 gloriam
1171 906 1304 983 christu
1349 920 1363 958 ⁵

163 1011 189 1074 si
203 1010 253 1074 hic
272 1012 484 1093 temporaliter
505 1012 592 1075 dines
613 1030 681 1075 esse
697 1012 855 1092 malueris,
879 1013 942 1076 illie
958 1013 1138 1096 pauperiem
1154 1015 1306 1095 perpetuo

163 1114 348 1190 snstiuebis3
380 1116 406 1178 si
429 1120 460 1179 te
483 1117 514 1179 in
538 1117 590 1179 uia
612 1117 677 1179 late
699 1120 732 1179 et
754 1117 892 1199 spatiose
915 1115 1058 1182 Christus
1081 1117 1249 1196 inuenerit,
1271 1117 1305 1181 in

162 1237 198 1283 ea
221 1224 262 1300 te,
285 1221 368 1301 quod
392 1220 482 1299 absit,
506 1220 642 1284 iudicare
666 1225 803 1302 cogetur.

676 1447 790 1510 XXVI.

161 1583 283 1650 Seuero
312 1609 352 1648 nn
381 1609 497 1649 nnnrno
527 1608 739 1650 nmncmssmo
768 1609 882 1649 rnnnnr
912 1587 1105 1653 Snnnsrmuo
1135 1586 1293 1651 annruvs
1320 1616 1346 1654 ro

352 1714 392 1752 rer
415 1690 575 1753 Tunnasrn
598 1714 630 1753 ru
654 1690 791 1755 Crrnrsro
814 1713 933 1754 nonme
957 1712 1108 1754 slnvrnu.

208 1846 234 1910 1.
259 1847 446 1911 Benedictus
470 1847 613 1911 dominus
637 1849 713 1911 deus
736 1848 845 1928 lsrael,
877 1849 929 1930 qui
952 1848 1048 1930 elegit
1073 1851 1103 1910 et
1126 1848 1304 1930 adsumpsit

161 1955 193 2015 te
220 1951 253 2015 in
281 1969 336 2015 uas
365 1952 522 2016 electionis
551 1970 625 2015 suae
653 1957 683 2016 et
709 1953 889 2036 segregarit
914 1951 953 2016 ab
978 1956 1065 2016 utero
1089 1953 1197 2015 matris
1221 1953 1304 2016 anti·

160 2072 239 2136 qnae
263 2061 295 2119 et
317 2056 401 2119 dedit
422 2057 479 2120 tibi
502 2075 620 2138 pennas
644 2057 817 2136 columbae,
845 2061 881 2121 ut
903 2056 942 2121 ab
966 2057 1059 2120 huius
1083 2057 1198 2120 saeculi
1222 2060 1302 2120 stre-

160 2160 226 2242 pitu
260 2162 366 2244 procul
403 2161 531 2225 auolans
567 2161 699 2224 diceres:
739 2181 822 2224 ecce
860 2161 1032 2244 elongari
1066 2160 1231 2244 fugienS,
1266 2165 1301 2224 et
1331 2191 1356 2229 1⁵

161 2266 280 2329 mausi
311 2267 344 2329 in
378 2265 593 2330 solitudine.
636 2266 780 2346 quamuis
812 2270 866 2329 tua
896 2265 1029 2329 solitudo
1060 2283 1122 2329 non
1152 2265 1219 2328 sola
1248 2266 1301 2345 sit,

159 2386 239 2449 quae
262 2388 322 2434 non
347 2370 469 2433 deserta
492 2374 541 2433 est
563 2370 617 2433 sed
641 2374 771 2450 secreta,
795 2374 830 2434 nt
852 2369 891 2433 ab
915 2370 1007 2433 huius
1032 2369 1140 2432 mundi
1163 2368 1301 2433 tenebris

92 2470 93 2477 ’
160 2472 300 2537 desolata
326 2493 345 2538 a
372 2475 420 2537 dei
443 2475 561 2538 lumine
589 2475 803 2556 frequentetur
831 2479 862 2538 et
889 2492 907 2537 a
934 2474 1094 2538 daemonis
1120 2473 1302 2556 lugentibus

159 2578 296 2662 fugiatur
319 2582 411 2660 atque
435 2578 474 2642 ab
498 2579 618 2662 angelis
641 2578 850 2663 gaudentibus
874 2580 1039 2643 excolatur.
1065 2579 1132 2660 ipse
1155 2578 1302 2641 dominus

160 2681 236 2745 deus
270 2687 377 2747 noster
406 2682 534 2747 donauit
568 2683 657 2747 nobis
686 2683 761 2747 licet
790 2684 882 2765 longo
913 2683 1079 2747 interuallo
1109 2681 1302 2746 dist-antibus
1329 2711 1356 2748 so

160 2787 406 2870 appropinquare
434 2786 492 2851 tibi
522 2788 553 2850 in
586 2788 749 2850 dilectione
779 2806 834 2868 per
868 2787 993 2851 odorem
1023 2787 1141 2851 bonurn
1172 2786 1300 2850 notitiae

161 2894 242 2971 tuae,
266 2909 360 2973 quam
383 2910 438 2975 per
460 2892 589 2955 fratrem
612 2892 643 2954 iu
667 2890 792 2956 domino
815 2892 1010 2955 carissimum
1031 2891 1190 2955 Victorem
1213 2909 1302 2955 acce·

242 3061 245 3067 ·
264 3063 291 3132 r]
310 3063 519 3132 (Marsuam).
578 3062 620 3131 rs]
639 3062 682 3115 rs.
697 3067 737 3126 54,
751 3066 774 3117 s.

202 3219 371 3274 ‘idestiteris
388 3221 496 3288 scripsi,
515 3218 650 3272 desisteris
670 3238 693 3273 or
747 3219 881 3274 3ridebis
899 3238 934 3287 m,
953 3220 1081 3288 gaudebis
1097 3223 1177 3291 (Jeep.
1232 3228 1301 3276 eter-

160 3323 225 3360 num
245 3325 270 3361 no
322 3308 338 3361 4
357 3305 513 3359 excitaueris
532 3325 558 3361 m
612 3306 633 3358 si
653 3322 705 3359 non
720 3306 867 3374 despexeris
879 3309 922 3361 uel
934 3308 1124 3376 contempseris
1137 3309 1201 3362 cdd.
1217 3308 1299 3378 Cosp.

158 3402 234 3461 recte,
255 3396 311 3448 cr'si
329 3395 493 3463 praetuleris
516 3393 567 3446 nisi
638 3398 653 3447 5
677 3393 850 3461 adhipisceris
874 3412 899 3447 rn
970 3396 985 3446 7
1009 3394 1051 3448 uin
1074 3396 1162 3464 Coep,
1186 3395 1242 3448 uita
1266 3415 1299 3449 m.

159 3480 220 3533 linit
238 3496 303 3549 opus
323 3479 437 3533 feliciter
454 3496 532 3534 amen
551 3499 583 3534 rra.

202 3567 382 3637 annot-nep.
407 3596 438 3603 -
461 3566 565 3636 paulini
587 3571 614 3620 et
637 3567 745 3619 therasii
764 3566 797 3620 ad
816 3566 996 3620 sebastianum
1020 3569 1044 3635 b,
1071 3569 1133 3636 epla
1150 3568 1301 3638 hieronymi

159 3653 192 3707 ad
211 3653 392 3708 sebastianum
409 3673 436 3721 x,
456 3653 540 3708 CXVI
559 3656 620 3722 epla
639 3653 671 3707 ad
692 3639 872 3707 sebastianum
889 3671 916 3722 y,
941 3653 975 3706 ad
993 3653 1172 3709 sebastianum
1192 3654 1298 3708 ·XXV·

158 3742 199 3807 Μ,
224 3741 324 3810 Incipit
345 3740 456 3809 epistola
479 3741 597 3794 eiusdem
620 3741 653 3794 ad
677 3739 857 3793 sebastianum
877 3740 987 3794 mvn·
1008 3742 1042 3808 L,
1069 3740 1219 3795 sebastiano
1238 3742 1300 3795 soli·

159 3828 226 3881 tario
244 3828 278 3881 ad
296 3828 433 3881 caritatem
453 3827 666 3882 exhortatoriat·
722 3830 750 3881 ll
765 3827 881 3896 tyresius
895 3829 918 3895 b,
931 3828 1064 3882 therasius
1076 3829 1139 3898 dercy
1192 3827 1300 3882 domino

159 3934 240 3986 ormy
294 3917 325 3969 12
337 3914 494 3968 benedictus
506 3917 547 3968 est
564 3916 627 3983 lep
680 3918 706 3966 te
724 3920 752 3965 et
770 3914 916 3983 assumpsit
932 3916 1020 3983 turp
1075 3918 1106 3970 15
1125 3914 1254 3969 aduolans
1271 3934 1299 3985 a,

159 4002 297 4055 aduolercs
316 4010 342 4055 et
361 4004 385 4070 b,
403 4002 510 4055 euolans
527 4002 583 4057 Col.
639 4000 761 4069 elongaui
774 4002 865 4069 LMb,
884 4000 973 4055 uolani
992 4009 1037 4058 cet.
1094 4005 1125 4058 16
1144 4019 1197 4056 non
1216 4021 1266 4058 ocu.
1280 4022 1301 4058 u

160 4092 190 4144 17
210 4092 240 4141 nt
258 4089 314 4153 Lo,
333 4091 360 4141 et
378 4096 422 4143 cet.
479 4092 510 4144 18
529 4088 596 4141 deb
650 4087 823 4141 daemonibus
845 4088 901 4143 Col.
963 4088 1128 4157 lugentibus]
1147 4088 1300 4142 furentibus

162 4176 216 4231 t'ot.
289 4178 320 4230 19
344 4174 376 4228 ab
399 4176 485 4230 conlo
555 4173 697 4228 extollatur
719 4177 735 4228 b
806 4178 840 4230 20
864 4175 929 4228 deus
952 4194 1003 4231 om.
1020 4193 1040 4229 :c
1110 4174 1299 4230 dehiscente

157 4263 189 4316 21
210 4261 364 4314 ordinemb
416 4259 624 4316 bonomonte
