3036 4770
268 275 310 340 32
357 282 360 290 '
601 292 626 346 8.
640 291 771 346 Paulini
790 291 909 347 Nolani
927 294 1072 364 episcopi

267 467 347 551 quod
377 467 520 533 dominus
551 468 679 534 unitatis
709 475 851 554 operator
880 469 1038 534 indiuiduo
1069 470 1177 554 spiritu
1201 488 1310 535 omnes
1334 488 1410 535 suos

267 577 394 638 nectens
407 592 508 656 neque
519 574 675 639 carnalem
687 575 718 638 in
731 574 820 639 nobis
832 574 1041 639 substantiam
1052 575 1227 659 discrepare
1239 577 1410 659 pateretur.

312 677 361 741 11.
385 677 456 742 Νοο
483 678 561 742 haec
586 682 692 743 tamen
721 683 846 743 tantum
876 697 971 744 causa
996 697 1109 763 pueros
1136 683 1258 746 nostros
1285 683 1412 745 morata

268 786 323 847 est.
348 800 421 847 nam
444 782 634 867 vigilantius
658 801 779 865 quoque
802 787 908 849 noster
930 785 961 848 in
986 783 1156 867 Campania
1179 789 1211 849 et
1238 787 1409 866 antequam

267 885 305 950 ad
329 905 385 951 nos
408 889 585 971 perueniret
607 891 639 952 et
659 892 864 971 posteaquam
879 889 1033 971 peruenit,
1057 891 1089 954 ni
1104 888 1237 954 febrium
1252 888 1411 955 laborauit
1452 918 1466 957 s

267 996 299 1057 et
329 991 515 1075 aegritudini
545 996 684 1073 nostrae,
719 993 791 1075 quia
821 996 852 1057 et
880 994 948 1078 ipsc
978 994 1090 1058 sociale
1121 993 1297 1058 membrum
1328 997 1409 1075 erat,

267 1096 348 1161 socio
379 1095 485 1160 labore
515 1114 685 1181 conpassus
717 1101 773 1162 est.
818 1098 950 1180 denique
980 1098 1032 1163 ille
1063 1099 1318 1180 catechumenus,
1353 1098 1410 1181 qni

267 1199 399 1264 necdum
431 1201 528 1265 nostri
558 1201 694 1283 corporis
726 1206 791 1266 erat
821 1201 1012 1284 membrum,
1047 1204 1177 1267 uulnera
1207 1206 1314 1268 nostra
1343 1221 1409 1268 nou

268 1306 366 1370 sensit
393 1309 425 1370 et
451 1324 547 1370 sanus
574 1307 633 1371 fuit
662 1310 755 1389 atque
778 1327 886 1392 expers
909 1308 1094 1392 languorum
1118 1313 1306 1389 nostrorum,
1333 1308 1411 1391 quia

268 1428 329 1474 non
360 1428 434 1475 suae
465 1411 647 1495 conpaginis
679 1412 816 1477 dolorem
844 1430 914 1477 caro
942 1413 1044 1477 adhuc
1071 1413 1174 1478 aliena
1200 1413 1315 1478 sentire
1343 1430 1409 1478 non
1439 1440 1467 1479 ιο

267 1519 396 1599 poterat.
429 1533 502 1599 ergo
525 1519 559 1580 ut
582 1516 682 1600 coepit
705 1517 893 1600 Vigilantius
917 1521 1022 1582 noster
1043 1518 1187 1602 progredi
1208 1535 1310 1601 posse,
1337 1521 1410 1582 tum

268 1618 396 1683 demum
429 1621 536 1684 censui
570 1621 686 1704 scripta
716 1640 784 1685 esse
813 1621 978 1686 reddenda.
1017 1622 1153 1686 latemur
1183 1622 1265 1687 enim
1296 1620 1409 1686 ambos

268 1724 366 1788 mrdto
395 1728 467 1788 ante
493 1743 686 1809 properasse,
714 1725 768 1789 sed
795 1744 867 1790 cunr
895 1731 968 1791 ante
990 1727 1104 1791 uirium
1127 1727 1336 1812 receptionem
1361 1731 1410 1791 tc·

268 1847 353 1893 mere
383 1829 546 1894 festinaret
579 1830 631 1912 qui
666 1849 726 1895 non
761 1835 895 1915 poterat,
930 1832 1014 1915 inpie
1044 1833 1097 1915 qui
1127 1831 1266 1912 ualebat,
1296 1830 1409 1897 ambos

267 1934 339 2016 quia
354 1951 415 1998 uon
430 1937 610 2017 poteramus
627 1936 767 2000 uolentes
784 1936 923 2017 consilio,
938 1937 1123 2001 retinuimus
1139 1936 1253 2001 inuitos
1270 1935 1407 2002 silentio.
1440 1962 1467 2003 ιο

314 2036 361 2102 12.
385 2038 506 2120 Itaque,
529 2042 566 2103 ut
588 2058 681 2123 supra
703 2040 895 2123 scripsimus
918 2044 990 2125 post
1005 2040 1232 2125 aegritudinem
1247 2041 1409 2105 communi

201 2212 210 2235 Ι
266 2141 372 2208 labore
400 2143 563 2208 toleratam
593 2144 784 2209 orationibus
814 2149 994 2210 sanctorum
1022 2149 1114 2227 atque
1138 2163 1289 2225 carorum,
1316 2148 1408 2227 parta

197 2244 202 2259 '
267 2248 372 2328 eliam,
396 2252 431 2312 ut
454 2248 619 2329 credimus,
643 2249 779 2313 maxima
801 2250 864 2314 tuis
879 2251 1064 2334 respiciente
1080 2249 1265 2314 clementius
1281 2249 1408 2316 domino

266 2352 405 2432 recreati,
422 2352 523 2416 adhuc
538 2357 644 2417 tamen
662 2353 818 2418 exhaustis
835 2354 1013 2437 corporibus
1030 2353 1145 2418 infirmi
1158 2391 1199 2401 -
1213 2353 1245 2417 in
1261 2372 1321 2436 quo
1336 2355 1408 2436 qui-

267 2457 338 2521 dem
362 2475 418 2522 nos
441 2456 565 2540 gloriari
588 2459 747 2542 apostolus
763 2459 862 2539 docet,
886 2478 978 2541 quern
994 2462 1165 2542 potentem,
1188 2463 1224 2523 ut
1238 2458 1408 2541 praedicat,
1437 2486 1466 2526 sc

267 2561 402 2626 iaciebat
428 2560 604 2642 infirmitas,
632 2564 703 2644 quia
731 2563 848 2627 scilicet
875 2581 956 2644 caro,
987 2582 1066 2645 qnae
1089 2564 1238 2627 aduersus
1262 2563 1409 2644 spiritum

267 2666 392 2746 militat,
414 2684 485 2730 cum
509 2665 641 2730 aduersa
663 2666 834 2731 ualitudine
857 2668 1021 2751 frangitur,
1044 2667 1160 2751 pariter
1175 2667 1316 2731 infractis
1332 2667 1409 2731 uiri-

267 2769 326 2834 bus
342 2770 515 2854 spiritalem
532 2789 593 2835 non
609 2772 714 2836 ualeat
730 2790 906 2855 expugnare
922 2772 1071 2836 uirtutem
1086 2808 1129 2818 -
1141 2790 1232 2836 carne
1248 2772 1343 2856 igitur
1358 2771 1409 2835 in-

267 2874 349 2939 firmi
372 2875 410 2939 ad
433 2875 608 2958 profectum
631 2877 769 2960 spiritus,
793 2877 847 2958 qui
869 2876 983 2941 damno
1007 2877 1108 2941 carnis
1132 2876 1251 2940 exultat
1273 2880 1305 2940 et
1324 2879 1409 2940 tam·

267 2997 362 3062 qnam
385 2980 530 3043 inimicae
553 2980 701 3044 materiae
724 2980 924 3045 tribulatione
939 2982 1073 3045 laetatur
1089 2985 1183 3063 atque
1198 2979 1408 3045 infirmatione
1435 3010 1464 3052 rc

267 3084 376 3149 domiti
400 3084 535 3165 corporis
559 3085 756 3165 conualescit,
781 3103 857 3148 sana
880 3090 911 3149 et
932 3085 1036 3149 ualida
1058 3085 1196 3164 caritate,
1219 3102 1314 3166 qnam
1332 3103 1409 3167 erga

268 3194 299 3253 te
321 3209 376 3271 per
399 3189 560 3253 dominum
581 3189 687 3253 Iesum
704 3208 851 3273 nragnanr
867 3189 1031 3270 habemus,
1055 3189 1196 3253 dedimus
1211 3189 1269 3253 has
1284 3189 1407 3254 litteras

268 3295 300 3357 in
324 3293 469 3357 solatium
492 3294 547 3373 tui,
570 3298 606 3358 ut
628 3313 684 3359 nos
707 3295 832 3358 interim
856 3298 999 3358 tenemus
1023 3298 1103 3375 tuas,
1127 3294 1224 3358 donec
1244 3296 1275 3358 te
1290 3293 1407 3376 ipsum,

370 3501 416 3571 no]
435 3501 474 3570 (11
486 3501 545 3557 cor.
561 3503 601 3566 12,
616 3502 667 3570 ιο).
720 3501 766 3571 21]
785 3500 854 3570 (an.
868 3503 892 3565 s,
908 3502 958 3570 rr).

311 3686 442 3755 2naquo]
462 3688 542 3753 ueU,
560 3701 603 3739 me
621 3686 656 3754 F,
674 3702 757 3754 nequa
776 3685 925 3756 (queaap.)
944 3687 971 3739 Ρ
1023 3689 1090 3740 Sue
1108 3685 1191 3740 FUP
1225 3687 1298 3738 tam
1317 3685 1406 3740 Pal.

268 3835 345 3874 cause
364 3815 406 3872 F¹
461 3833 539 3870 causa
556 3820 663 3870 tantum
682 3818 718 3871 Μ
768 3815 898 3871 dsociale
915 3817 966 3882 On,
985 3814 1109 3869 sociabile
1127 3822 1173 3870 cct.
1229 3771 1359 3882 'ltdffiil
1372 3815 1406 3877 P,

268 3905 365 3959 solacio
387 3902 783 3972 0,s01ati0LM,solatiu0v
835 3908 862 3956 et
879 3902 969 3956 labore
988 3905 1025 3957 M
1083 3901 1264 3955 catecuminus
1282 3902 1406 3970 FLMU,

267 3993 467 4047 cathecuminus
484 3991 535 4058 Oc,
554 3990 722 4045 caticumnen
735 3991 763 4045 P
814 3993 920 4058 derper
937 3992 963 4046 U
1013 3989 1153 4057 langorum
1166 3990 1193 4043 L
1248 3991 1281 4044 10
1295 4007 1338 4058 pr.
1353 4003 1407 4041 non

267 4100 317 4136 ona
331 4079 432 4137 FP'U
481 4078 616 4148 eopaginis
634 4081 672 4134 M
722 4080 753 4135 14
772 4077 868 4146 impari
887 4076 1071 4145 acquiualebat
1088 4095 1112 4144 c,
1130 4077 1168 4129 ire
1186 4092 1234 4145 par
1252 4075 1341 4143 etqui
1360 4090 1406 4127 ua·

267 4168 339 4221 lebat
366 4169 436 4224 coni.
460 4168 554 4224 Soccb.
626 4170 658 4223 15
686 4165 793 4219 inuitos.
825 4164 935 4218 Silentio
964 4165 1054 4232 itaque
1082 4166 1119 4218 M
1187 4165 1218 4218 19
1247 4160 1357 4215 nomenti
1384 4161 1411 4216 U

267 4257 301 4311 20
320 4255 397 4309 docet
415 4253 597 4324 apostolnsU
647 4256 681 4308 23
700 4252 820 4308 ualetU
874 4253 907 4306 24
925 4250 1033 4319 quidam
1054 4251 1153 4306 nonO
1214 4250 1249 4304 28
1267 4247 1350 4301 denec
1368 4246 1407 4302 Ι)
