3036 4770
163 288 225 352 154
494 304 520 359 S.
534 303 665 359 Paulini
684 303 802 358 Nolani
822 305 967 375 episcopi

160 484 225 546 tem
259 484 290 544 et
323 481 542 545 aduenientem
571 481 604 544 in
635 484 739 546 uestro
769 499 912 545 sermone
943 480 1101 564 diligimus
1131 483 1164 544 et
1194 484 1298 545 nostro

159 585 416 649 commendamus
448 585 632 658 abeuntem;
670 585 783 669 dignus
815 589 863 649 est
893 585 976 648 enim
1007 585 1094 649 cuius
1125 588 1299 649 senectus

159 689 196 754 iu
220 689 482 754 misericordia
508 689 614 753 uberi
636 689 819 770 requiescat,
850 706 929 770 quae
952 707 1007 771 pro
1031 689 1169 754 caritatis
1192 693 1224 754 et
1247 689 1300 753 de-

160 795 281 860 sideriis
309 799 341 860 et
368 795 476 859 officiis
499 794 629 859 laborat.
668 799 829 877 praeterea
852 795 933 876 quod
963 797 1063 878 magis
1091 796 1123 859 in
1146 813 1182 860 eo
1204 812 1300 877 quam

158 900 260 982 ipsam
287 900 320 964 in
347 899 433 964 cauis
462 899 528 963 eius
552 899 750 963 uelocitatem
774 900 879 963 mnati
903 918 1022 980 sumne,
1047 901 1091 962 ita
1112 900 1149 963 de
1172 900 1300 964 nomine
1338 925 1349 965 s

160 1005 329 1068 exorcistae
359 1004 397 1068 ad
425 1004 639 1086 frugalitatem
666 1005 806 1085 profecit,
839 1009 873 1068 ut
900 1022 995 1086 prope
1026 1004 1198 1068 cotidianus
1231 1023 1300 1069 esse

159 1107 250 1172 nobis
273 1109 406 1172 conuiua
430 1126 490 1172 non
513 1109 639 1191 fugerit,
670 1113 711 1186 et,
743 1127 814 1171 cum
837 1108 915 1172 raris
944 1112 975 1172 et
999 1108 1127 1172 minutis
1151 1107 1300 1172 calicibus

158 1213 405 1296 adspergeretur,
422 1213 534 1294 quibus
551 1213 638 1277 labra
654 1231 780 1277 summa
796 1213 846 1277 uir
863 1214 1029 1296 tingueret,
1051 1213 1129 1277 nihil
1149 1214 1187 1277 de
1209 1213 1301 1276 uacui

159 1318 276 1380 uentris
297 1320 351 1380 aut
371 1318 441 1380 sicci
464 1318 599 1399 gutturis
620 1317 735 1381 iniuria
754 1317 951 1398 querebatur.
976 1334 1102 1399 prorsus
1117 1335 1173 1399 per
1194 1317 1301 1380 omnia

160 1421 331 1486 (tardamus
355 1421 444 1485 nobis
469 1425 534 1485 tam
557 1421 659 1485 bellus
687 1423 841 1504 apparuit,
874 1428 910 1485 ut
936 1423 1082 1485 clericum
1105 1420 1301 1504 probabilem
1330 1450 1357 1488 ro

159 1525 339 1589 hominibus
367 1529 398 1590 et
425 1527 606 1590 exorcistam
635 1527 806 1591 daemoniis
835 1527 1006 1591 terribilem
1035 1527 1222 1591 uideremus.
1260 1526 1301 1589 de

160 1634 272 1708 cetero,
303 1631 408 1709 frater,
440 1634 471 1694 et
497 1631 603 1713 ipsum
630 1636 661 1695 et
688 1649 796 1695 omnes
824 1636 946 1696 nostros
974 1636 1006 1695 et
1027 1650 1083 1696 nos
1107 1632 1190 1713 ipsos
1214 1648 1301 1694 com·

159 1734 344 1798 mandamus
372 1735 472 1814 uobis,
503 1739 538 1798 ut
559 1755 614 1818 per
642 1753 698 1799 uos
722 1736 846 1800 domino
875 1736 1130 1799 commendemur
1159 1734 1301 1816 inpensis

159 1838 362 1918 orationibus,
394 1843 429 1903 ut
453 1844 484 1904 et
507 1844 684 1904 nostrorum
708 1841 849 1904 omnium
873 1841 1000 1904 libertas
1024 1840 1148 1904 domino
1172 1843 1301 1903 aeterno

160 1944 277 2007 seruiat
304 1947 336 2007 et
362 1949 467 2008 nostra
494 1946 627 2008 seruitus
654 1946 685 2008 in
711 1945 833 2010 Christo
856 1945 1010 2009 libertatis
1035 1949 1181 2009 aeternae
1205 1945 1302 2008 meri·
1331 1974 1357 2013 re

161 2051 228 2110 tum
252 2052 468 2129 consequatur.

679 2276 780 2340 XXII.

424 2414 547 2479 Suvuno
570 2437 684 2477 uncum
707 2437 845 2477 ernanum
868 2415 1035 2478 Pavuruvs.

205 2571 231 2635 1.
254 2571 418 2654 Epistolas‚
439 2590 516 2652 quas
536 2591 591 2653 per
610 2576 752 2635 nostrum
772 2571 862 2634 illum
884 2572 1088 2655 inspiritalem
1109 2572 1300 2636 monachum

159 2676 396 2755 miseras,ue1·e
419 2676 565 2758 spiritalis
589 2674 770 2739 tabellarius
793 2677 957 2757 intercepit
979 2680 1011 2739 et
1032 2676 1170 2757 pertulit,
1196 2676 1302 2740 idest
1330 2705 1357 2742 πο

159 2779 242 2844 filius
266 2784 371 2843 noster
386 2778 542 2859 Senarus,
565 2782 597 2844 in
621 2797 681 2861 quc
706 2781 861 2863 duplicem
884 2781 1017 2863 gratiam
1041 2779 1203 2856 domiuum
1225 2798 1300 2843 con·

105 2972 107 2976 Α
159 2885 269 2948 tulisse
295 2884 519 2967 perspeximus,
549 2904 587 2948 ne
616 2885 666 2948 uel
693 2885 745 2948 ille
773 2886 812 2948 ad
840 2903 896 2949 uos
924 2886 1076 2948 sermonis
1103 2885 1149 2948 tui
1180 2902 1299 2948 uacuus

263 3102 291 3170 2]
311 3101 409 3165 reor,
424 3105 463 3157 11.

205 3302 424 3370 ldiligemusO
485 3302 547 3358 3in
566 3304 715 3360 onaFPU
768 3303 845 3373 quae]
865 3303 910 3371 qui
928 3321 943 3357 u
1005 3302 1185 3358 derhorciste
1204 3303 1237 3371 P,
1256 3319 1299 3356 ex·

158 3390 264 3443 horeste
286 3391 313 3445 U
379 3388 519 3443 cotidianis
538 3390 579 3444 P¹
655 3392 723 3443 esset
742 3391 798 3447 PU
865 3389 1027 3458 ireiugerit
1045 3391 1082 3443 M
1149 3390 1300 3458 8tingeret

159 3477 243 3534 FPU
312 3480 344 3532 10
370 3480 426 3530 tam
453 3476 551 3546 bellus]
579 3476 693 3530 tabellas
720 3478 804 3534 FPU
872 3480 903 3533 12
932 3480 958 3531 et
981 3493 1028 3530 nos
1051 3477 1121 3545 ipsos
1144 3495 1194 3533 om.
1217 3477 1304 3534 FPU

161 3567 193 3620 13
211 3563 409 3618 commodamus
432 3564 454 3620 0
515 3565 651 3634 impressis
669 3565 726 3621 Fu
786 3567 817 3620 16
836 3579 1027 3632 consequamur
1045 3565 1085 3631 F;
1103 3564 1189 3617 ualere
1208 3567 1234 3618 te
1253 3580 1299 3617 oro

159 3651 222 3706 add.
242 3650 346 3707 FP’tJ.
366 3681 398 3690 -
416 3650 478 3704 finit
497 3650 553 3702 ·V·
577 3652 600 3705 0

202 3738 378 3794 FLMOPU.
407 3768 439 3777 -
467 3739 561 3806 incipit
588 3744 661 3791 sexta
687 3737 805 3791 eiusdem
829 3738 864 3805 F,
891 3738 957 3791 item
984 3737 1095 3806 epistola
1123 3735 1241 3790 eiusdem
1264 3736 1297 3791 ad

159 3825 272 3879 eundem
292 3826 410 3890 ·V·L‚
437 3825 470 3878 ad
499 3825 638 3894 sulpitium
666 3842 787 3878 seuerum
809 3824 916 3878 ·Xlll·
937 3826 978 3891 M,
1005 3824 1100 3894 incipit
1126 3824 1160 3877 ad
1184 3823 1298 3878 eundem

75 3962 78 3967 .
159 3914 272 3982 septima
298 3913 328 3977 Ο,
356 3913 466 3981 epistola
493 3913 577 3966 sancti
604 3911 706 3980 paulini
735 3912 849 3980 episcopi
877 3910 911 3964 ad
937 3927 1060 3964 seuerum
1088 3927 1230 3964 monacum
1252 3910 1297 3964 ubi

159 4001 271 4070 receptis
294 4000 412 4070 epistolis
437 4001 460 4053 ci
482 4000 628 4068 plurimum
652 3999 805 4067 gratulatur
827 3998 1017 4052 commendans
1035 3998 1169 4051 sorianum
1188 4014 1298 4051 neuere·

159 4088 239 4142 bilem
258 4104 400 4142 monacum
417 4088 575 4157 portitorem
593 4104 697 4141 earum:
716 4087 762 4140 ubi
781 4089 862 4140 etiam
880 4086 929 4139 sub
948 4085 1105 4154 compendio
1122 4085 1299 4139 monasticam

159 4176 243 4229 uitam
263 4174 389 4229 describit
411 4176 439 4231 U
498 4178 529 4230 19
548 4174 695 4243 spiritalem
714 4173 811 4230 FP'U
868 4177 902 4229 20
921 4174 973 4242 est]
992 4190 1019 4227 es
1041 4175 1068 4229 U
1126 4172 1301 4228 arserimus

159 4262 193 4332 (ri
210 4265 241 4317 in
258 4266 324 4331 rae.)
343 4264 379 4317 Μ
429 4260 494 4315 dnm
512 4261 589 4331 gram
607 4264 645 4317 Μ
