3036 4770
537 886 1045 1008 APPENDIX.

627 1298 897 1350 EPIS'I'VLA
923 1299 950 1351 Ι.

653 1421 701 1481 An
724 1422 929 1483 Mundensem.

268 1601 296 1654 1.
312 1595 447 1671 Magnam
467 1594 623 1654 humilitati
644 1599 760 1656 nostrae
780 1596 910 1656 fiduciam
931 1597 1074 1657 scribendi
1095 1599 1129 1655 ad
1144 1598 1359 1658 uenerationem

225 1691 300 1749 tuam
315 1691 421 1750 caritas
437 1691 544 1751 Christi
559 1691 645 1763 dedit,
665 1709 737 1766 quae
757 1693 785 1751 te
805 1691 873 1751 feeit
889 1692 1023 1751 humilem
1039 1694 1121 1753 corde
1140 1692 1256 1767 pietatis
1272 1695 1300 1751 et
1315 1694 1358 1752 di·

224 1785 310 1846 uitem
326 1787 459 1863 operibus
471 1787 686 1847 benedictionis.
719 1787 785 1846 telis
802 1788 908 1847 etenim
924 1789 958 1847 de
974 1789 1084 1847 sanctis
1095 1788 1159 1848 fidei
1172 1792 1237 1848 tuae
1249 1788 1359 1848 diuitiis

192 1898 204 1937 o
225 1878 299 1941 lama
314 1883 463 1958 processit,
484 1887 516 1942 ut
531 1884 566 1942 ad
581 1901 634 1943 nos
650 1901 760 1958 quoque
776 1883 807 1942 in
823 1883 980 1958 longinquo
995 1884 1104 1958 positos
1119 1885 1314 1958 penetrauerit
1329 1888 1358 1944 et

222 1978 320 2037 auditu
338 1979 449 2054 gratiae
469 1979 513 2038 dei
528 1982 673 2054 tamquam
693 1979 753 2039 oleo
773 1979 898 2038 laetitiae
919 1979 1144 2054 impinguarerit
1163 1997 1229 2039 ossa
1247 1983 1356 2041 nostra.

223 2075 321 2134 notum
340 2074 418 2135 enim
436 2074 543 2134 lectum
564 2078 609 2134 est
629 2075 712 2136 nohis
732 2078 838 2135 bonum
853 2078 944 2147 tuum,
964 2075 1098 2149 quoniam
1118 2075 1293 2135 illuminauit
1308 2078 1357 2137 do·

222 2168 317 2229 minue
337 2170 450 2230 uultum
469 2189 553 2231 suum
572 2189 659 2246 super
678 2173 716 2230 te.
751 2171 915 2246 segregarit
930 2175 959 2229 te
978 2174 1110 2230 abutere
1129 2172 1309 2253 cognationis
1329 2174 1358 2231 et

221 2267 314 2326 terrae
332 2268 400 2327 tuae
420 2285 478 2328 non
500 2267 616 2342 regione
636 2268 686 2327 sed
706 2266 810 2342 spiritu
827 2270 917 2326 honae
938 2266 1107 2339 uoluntatis,
1128 2269 1161 2325 ut
1180 2268 1213 2326 de
1232 2268 1357 2327 terrenis

170 2384 195 2424 ro
221 2362 321 2436 opibus
333 2362 444 2423 fidelem
459 2362 515 2423 sibi
530 2363 689 2423 constituat
703 2361 736 2421 in
751 2362 921 2423 coelestibus
937 2379 1034 2422 earum
1049 2362 1226 2437 participem,
1242 2364 1276 2421 de
1291 2363 1356 2437 qui-

221 2460 274 2517 hus
290 2458 502 2533 scriptumest:
529 2458 693 2518 mulieres
713 2459 893 2534 sepientes
913 2457 1195 2517 aedificarerunt
1213 2458 1282 2518 sihi
1302 2460 1356 2519 do-

220 2571 298 2614 mos.
328 2555 399 2615 haec
418 2557 513 2615 eutem
533 2554 682 2615 audientes
698 2556 732 2614 de
747 2556 798 2614 tua
812 2554 949 2614 felicitate
968 2553 1084 2613 caelesti
1100 2553 1251 2613 effudimus
1262 2571 1356 2613 coram

219 2651 271 2710 deo
285 2652 370 2712 corde
384 2653 484 2711 nostru
499 2653 529 2711 et
543 2650 579 2710 in
594 2668 676 2711 uoce
695 2650 926 2711 exultationis
946 2649 1131 2725 epulantes
1146 2649 1285 2709 diximus:
1301 2651 1356 2709 do·

218 2745 333 2805 minus
352 2745 545 2808 mortificat
564 2750 598 2807 et
616 2745 797 2817 uiuificat,
820 2746 959 2805 deducit
982 2747 1021 2804 ad
1043 2744 1177 2804 inferos
1201 2747 1234 2805 et
1257 2747 1355 2805 redu·

160 2863 191 2904 rs
218 2840 276 2901 cit.
300 2842 459 2902 dominus
475 2841 605 2902 diuites
620 2859 790 2917 pauperes
803 2841 903 2912 lacit,
919 2840 1066 2901 humiles
1082 2840 1237 2900 excelsos
1253 2840 1355 2913 lacit,

217 2936 377 3010 quoniam
397 2938 488 2997 culix
507 2938 543 2996 in
561 2955 662 2997 manu
681 2936 808 2998 domini
824 2937 914 2996 hunc
928 2935 1091 2996 humiliat
1107 2940 1140 2995 et
1154 2937 1245 2995 hunc
1265 2937 1354 2996 exul·

216 3032 278 3091 tat.
309 3034 384 3106 quod
403 3033 458 3093 etsi
473 3035 507 3092 ad
523 3051 607 3092 omne
621 3033 788 3109 mysterium
805 3033 888 3108 regni
903 3032 1047 3107 pertinere
1066 3032 1206 3103 uideatur,
1227 3034 1355 3091 attamen

216 3129 246 3184 et
268 3128 304 3186 ad
325 3129 404 3186 tuem
427 3128 589 3204 specialiter
611 3128 733 3204 gratiam
760 3127 861 3188 referri
886 3131 992 3203 potest,
1023 3145 1095 3202 quae
1120 3144 1223 3203 magno
1248 3127 1354 3187 domini

321 3330 365 3400 11]
384 3330 518 3395 rmore,
535 3334 556 3386 1.
612 3331 656 3401 13]
674 3331 718 3385 rs.
731 3332 773 3395 41,
786 3334 809 3387 5.
862 3329 1035 3399 resono.
1090 3330 1289 3399 16]Ps.74‚9.

259 3533 382 3591 uxyvrp.
403 3552 434 3560 -
455 3524 468 3578 l
488 3521 659 3590 hieronymus
678 3521 712 3575 ud
730 3519 883 3575 marcellam
900 3539 928 3589 m,
951 3518 1064 3589 epistola
1081 3519 1258 3573 consolatoria
1275 3518 1352 3572 Ihero

215 3607 249 3661 ad
269 3608 421 3663 marcellam
441 3619 472 3679 ψ,
490 3609 555 3662 item
574 3608 694 3662 hieroim’
713 3607 747 3662 ad
766 3606 918 3661 marcellam
936 3626 962 3677 y,
982 3606 1099 3660 eiusdem
1118 3605 1150 3659 ad
1171 3605 1322 3659 marcellum
1335 3624 1352 3657 v

215 3696 233 3751 3
250 3696 359 3765 pietatis
376 3713 426 3752 om.
446 3714 466 3751 u
535 3699 550 3751 l
570 3695 614 3765 de]
633 3698 661 3749 et
679 3695 711 3749 de
728 3713 748 3750 c
818 3698 835 3749 6
852 3693 1027 3762 impinguarit
1047 3711 1097 3763 xp,
1120 3692 1289 3762 impugnauit
1310 3711 1352 3746 av

216 3781 327 3837 inobis
345 3782 448 3837 lactum
467 3787 508 3837 est
525 3800 543 3834 v
595 3782 672 3836 nobis
690 3800 740 3838 om.
759 3800 780 3836 c
831 3779 1007 3849 illumineuit]
1026 3779 1180 3833 humiliuuit
1197 3798 1238 3833 uc
1291 3781 1353 3836 8et

215 3872 318 3924 aterre
337 3872 382 3924 tue
399 3888 442 3941 xp
495 3872 527 3926 10
539 3869 692 3939 operibusv
744 3867 913 3938 participem]
926 3866 1108 3936 principamur
1160 3866 1250 3920 celesti
1268 3865 1352 3919 oliuu-

215 3955 305 4011 dimue
323 3955 444 4026 (bus-l.
457 3958 490 4013 12
508 3955 597 4011 celesti
615 3958 678 4025 om.)
695 3974 712 4008 c
768 3957 947 4012 llestonm
1001 3957 1032 4010 12
1045 3952 1235 4022 effundimusy
1287 3952 1352 4005 effu-

216 4042 305 4097 dimus
318 4042 397 4097 corde
410 4045 501 4097 nostra
512 4059 601 4097 coram
614 4043 722 4096 domino
735 4061 754 4097 u
808 4043 839 4097 14
854 4059 898 4111 pr.
912 4043 939 4095 et
949 4058 1001 4108 ux,
1020 4044 1046 4094 et
1064 4040 1187 4094 dominus
1199 4058 1247 4110 cy,
1266 4038 1351 4092 domi·

215 4142 307 4200 uuep
359 4134 386 4185 et
404 4130 512 4185 deducit
529 4150 547 4184 v
601 4134 632 4187 15
652 4130 716 4184 lecit
734 4140 764 4198 ψ,
783 4128 848 4183 facit
866 4131 893 4182 et
909 4146 929 4182 o
985 4127 1099 4182 excelsos
1117 4126 1194 4196 facit]
1212 4126 1352 4195 exaltetur

217 4219 249 4273 lo
267 4216 313 4272 sed
331 4219 456 4287 quonium
476 4230 506 4287 ψ,
524 4219 586 4287 quia
603 4218 691 4274 Roeto
764 4219 795 4272 17
814 4216 885 4286 quod
903 4216 966 4285 etsi]
985 4215 1055 4284 quod
1075 4216 1097 4269 si
1114 4233 1135 4270 o
1204 4214 1352 4284 uideturp
