3036 4770
501 334 646 405 epistula
662 334 769 397 XXXX,
784 352 805 388 c.
820 339 929 391 10-11.
1224 317 1288 383 353

150 509 228 573 dias
263 509 342 573 ciue
377 514 412 573 et
440 510 644 592 gloriemur
678 511 714 573 in
744 509 853 574 laude
887 510 981 590 eine,
1015 527 1077 574 non
1108 510 1140 572 iu
1170 512 1287 574 nostra.

149 614 305 694 quoniam,
333 618 369 678 ut
390 614 542 697 propheta
565 614 649 694 dicit,
673 615 700 678 si
724 614 797 696 quid
819 613 936 678 bonum
960 613 1059 694 nobis,
1086 614 1125 677 ab
1149 613 1216 695 ipso
1240 617 1289 678 est

149 720 179 780 et
205 719 232 781 si
262 718 336 800 quid
365 718 529 800 optimum,
559 719 657 801 ipsius
689 723 751 783 est:
781 719 861 801 ipse
892 718 989 782 enim
1020 718 1111 782 lecit
1141 735 1221 799 uos,
1253 721 1289 782 el

149 839 219 885 non
245 821 317 905 ipsi
346 840 420 887 noa
471 826 502 886 et
530 827 697 905 propterea
726 823 811 887 dicit:
847 823 934 904 quid
961 826 1084 886 autem
1112 820 1241 903 habea,
1269 840 1287 887 ο

108 925 267 1005 ehomo,
302 927 395 1008 quod
427 945 498 991 non
532 928 742 1011 acceperis?
777 929 872 1008 quod
907 927 938 991 ei
972 927 1166 1010 accepisti,
1200 927 1287 1009 quid

147 1029 321 1112 gloriaris
356 1031 461 1112 quasi
494 1049 566 1095 nou
600 1032 812 1113 acceperis?
857 1032 889 1094 in
923 1049 984 1113 quo
1019 1035 1126 1096 monet
1158 1035 1193 1095 ut
1225 1031 1288 1113 qui

148 1133 331 1216 gloriatur
369 1135 404 1199 iu
439 1135 585 1200 domino
619 1136 816 1219 glorietur,
855 1136 937 1199 unde
970 1136 1034 1199 iam
1072 1135 1162 1199 nobis
1200 1136 1286 1199 leues

148 1239 309 1321 angustiae
343 1238 431 1319 fiunt,
467 1241 590 1321 quando
622 1240 740 1304 laudari
775 1240 933 1314 uidemur;
968 1240 1045 1303 nihil
1079 1240 1163 1303 enim
1196 1239 1286 1304 nobis

147 1343 263 1406 conscii
297 1361 406 1407 sumus
436 1344 474 1408 de
504 1347 627 1428 proprio
657 1345 753 1425 bono,
787 1349 824 1409 ut
853 1350 1016 1427 tamquam
1050 1345 1286 1428 agnoscentium

95 1473 120 1511 ιο
147 1446 297 1529 pudorem
323 1447 466 1512 laudator
492 1452 668 1533 perurgeat,
696 1443 773 1531 'qma
803 1467 864 1513 non
891 1451 975 1532 ipsos
1003 1467 1059 1513 nos
1086 1448 1140 1512 sed
1163 1448 1287 1513 diuinae

147 1549 293 1615 bonitatis
317 1571 448 1616 munera
470 1558 564 1635 atque
589 1571 682 1636 opera
704 1554 875 1636 praedicari
898 1554 1129 1638 cognoscimus;
1164 1552 1191 1616 si
1214 1553 1286 1635 quid

147 1655 230 1718 enim
253 1657 286 1719 in
313 1656 402 1721 nobie
426 1656 499 1720 boni
526 1659 650 1722 uidetur
673 1658 895 1738 anteceditur,
918 1659 1001 1722 illius
1025 1662 1083 1736 est,
1107 1659 1160 1740 qni
1183 1660 1286 1722 solus

146 1758 263 1823 bonus
295 1764 352 1824 eet
382 1765 418 1825 et
448 1762 490 1825 de
522 1762 627 1825 cuins
658 1762 894 1845 plenitudine
925 1779 1050 1826 omnes
1081 1762 1285 1844 accipimus

148 1869 179 1928 et
204 1882 259 1946 pro
291 1866 394 1929 meriti
420 1867 471 1931 uel
497 1867 570 1930 fidei
597 1867 767 1950 capacitate
795 1867 1013 1950 respergimur.
1052 1885 1102 1931 ros
1126 1867 1209 1930 enim
1232 1867 1286 1948 qui

93 1994 118 2033 ιε,
148 1967 266 2034 abillo
295 1973 343 2034 eet
370 1971 487 2035 sanitas
516 1976 564 2035 est
594 1970 694 2050 nobis,
725 1975 757 2035 et
784 1971 969 2036 laetamur
1002 1972 1038 2035 in
1073 1971 1285 2034 stillicidiis

147 2075 234 2138 eius.
259 2092 332 2158 ergo
356 2078 389 2139 et
411 2094 495 2139 error
517 2077 586 2156 iste,
610 2093 671 2158 quo
694 2094 750 2140 nos
767 2076 913 2155 laudatis,
936 2076 1088 2140 innocuus
1108 2075 1165 2138 erit
1185 2075 1282 2140 uobis.

145 2177 273 2262 iusuper
300 2182 332 2243 et
358 2181 533 2244 mercedem
561 2180 650 2245 uobis
679 2181 835 2263 copiosam
863 2183 927 2243 tam
954 2182 1006 2262 pia
1031 2179 1107 2243 fides
1135 2181 1284 2264 congerit,

147 2282 227 2363 qnia,
257 2287 294 2347 ut
320 2302 376 2347 nos
405 2288 512 2349 nostra
538 2287 644 2348 mente
667 2284 789 2366 iniquos
817 2288 848 2347 et
870 2284 908 2348 de
931 2303 1078 2366 peruersa
1099 2285 1193 2348 huius
1217 2303 1285 2349 sae-

146 2386 207 2449 culi
227 2387 427 2470 generatione
446 2407 559 2472 prauos
583 2389 766 2452 existimetis
787 2387 884 2451 bonos
904 2389 1013 2468 factos,
1037 2388 1160 2453 domino
1184 2389 1285 2453 omui-

91 2518 117 2555 eo
145 2490 264 2571 potanti
286 2492 422 2572 creditis,
450 2493 503 2574 qui
525 2496 636 2575 potens
664 2496 712 2556 est
737 2492 904 2556 iustificare
928 2493 1049 2574 inpium
1073 2495 1104 2555 et
1127 2492 1283 2557 uiuificare
1395 2482 1398 2487 ’

145 2599 284 2659 mortuos
308 2600 338 2659 et
361 2596 547 2660 inluminare
571 2594 716 2660 tenebras
741 2602 772 2660 et
794 2597 991 2679 phoenicium
1015 2597 1188 2661 candidare.

191 2698 239 2763 11.
264 2697 475 2779 Quamobrem
504 2704 589 2765 orate
620 2701 751 2781 solliciti,
782 2704 819 2764 ut
846 2704 933 2766 tanto
961 2719 1053 2784 opere
1081 2702 1130 2765 uel
1154 2719 1283 2766 munere

145 2802 193 2865 dei
228 2803 357 2886 dignum
392 2822 444 2868 cor
477 2805 665 2886 accipiamus
700 2809 731 2868 et
764 2805 817 2886 qui
854 2807 1030 2888 accepimus
1068 2809 1282 2888 contemptum

144 2907 321 2988 patrimonii
344 2909 532 2991 accipiamus
554 2910 651 2972 etiam
671 2909 769 2974 nostri
790 2913 1021 2993 contemptum3
1045 2912 1178 2993 angusta
1198 2910 1282 2973 enim

251 3165 278 3234 1]
297 3165 340 3219 es.
356 3168 459 3230 rouro
525 3167 711 3236 emesae.
773 3167 987 3237 emmanu
1050 3167 1281 3237 anconam.

147 3250 192 3320 12]
210 3251 306 3306 narn.
321 3255 361 3316 19,
376 3255 414 3308 17.
488 3252 532 3322 13]
550 3252 609 3334 roh.
624 3256 646 3318 1,
661 3256 700 3310 rc.
774 3254 818 3322 15]
836 3255 879 3308 es.
894 3257 935 3318 or,
950 3257 989 3310 11.
1060 3253 1281 3324 21](Es.1,18).

187 3496 204 3549 2
222 3494 251 3547 iu
269 3492 345 3548 uobis
363 3495 400 3549 M
467 3498 483 3550 3
504 3495 589 3564 ipsius
606 3497 713 3566 smapai,
732 3495 764 3550 ab
783 3497 840 3565 ipso
857 3499 922 3562 βλν,
941 3495 1076 3568 αδΞίρείιιε
1093 3499 1128 3566 L,
1147 3498 1180 3551 ab
1198 3498 1281 3567 ipsius

142 3580 283 3634 maiestate
301 3580 407 3648 FP'U,
426 3581 613 3651 abipsiuscet.
671 3583 770 3652 lipsi]
789 3583 922 3652 ipsumfl¹
978 3586 1005 3638 et
1023 3587 1162 3653 propterea
1180 3586 1281 3649 ampl

143 3666 222 3735 dicit]
246 3669 273 3721 et
290 3667 385 3736 paulus
405 3667 470 3722 dicit
487 3670 526 3733 βλ
596 3670 761 3739 5eccepem's
783 3672 810 3726 U
878 3669 1083 3726 teredona
1155 3674 1185 3727 11
1204 3687 1279 3740 prae-

143 3752 232 3806 dicare
256 3754 341 3811 FPU
408 3757 441 3810 13
464 3756 613 3824 accepimus
632 3757 739 3822 LMssl
812 3759 844 3812 16
866 3757 929 3824 οἰχ
999 3757 1062 3826 quo]
1086 3757 1130 3825 qui
1154 3759 1281 3824 FPcea

143 3855 191 3892 nos
209 3857 259 3894 em.
273 3839 374 3897 FP’U
426 3840 543 3894 laudatis
560 3842 589 3895 iu
607 3842 683 3896 nobis
702 3843 877 3909 (innocuus-
888 3842 964 3896 nobis
983 3846 1044 3911 ono.)
1067 3846 1093 3900 U
1153 3847 1184 3901 17
1204 3845 1280 3900 uobis

141 3927 286 3997 LM¹fllr,
309 3928 386 3982 nobis
409 3936 455 3985 cet.
527 3933 653 3998 congeret
672 3931 762 3986 Romo.
835 3933 867 3986 18
890 3930 934 3997 qui
958 3935 1005 3983 ant
1022 3931 1107 3986 FPU
1174 3931 1211 4000 et]
1234 3936 1281 3986 ant

141 4014 227 4070 FPU
284 4031 409 4084 peruersa
427 4022 667 4084 coperuerunt
731 4020 762 4073 19
779 4016 888 4086 prauos]
905 4016 1003 4085 probos
1021 4017 1106 4073 FPU
1162 4017 1279 4072 bonosae

140 4100 227 4157 FPU
286 4102 409 4158 facitisr
461 4103 509 4156 deo
527 4103 612 4160 FPU
661 4106 691 4159 21
712 4103 857 4157 foenicium
875 4105 964 4171 βλνχ,
982 4103 1109 4157 leniciam
1127 4105 1189 4174 FP,
1212 4104 1279 4159 leui-

140 4187 210 4242 tium
232 4187 411 4260 &leniciam
429 4191 467 4244 M
522 4192 556 4245 22
575 4206 651 4259 opere
670 4192 779 4260 Ler,
797 4206 841 4243 ore
860 4196 906 4245 eet.
964 4189 1141 4260 attiguum]
1167 4191 1279 4260 dignum

140 4274 191 4327 deo
208 4275 297 4331 Roew.
351 4276 414 4343 quia
430 4278 468 4340 βλ
516 4276 659 4345 accipimus
677 4278 705 4332 P

192 4368 297 4410 xxvrur.
307 4368 391 4411 Paulini
405 4370 452 4412 llol.
463 4370 574 4422 epistulae.
1089 4368 1121 4415 23
