3036 4770
226 302 287 366 172
557 319 582 374 S.
596 318 731 373 Paulini
749 317 869 373 Nolani
887 319 1034 389 episcopi

222 495 314 560 homo
338 499 405 559 erat
427 495 491 576 illc,
518 496 555 560 de
578 513 639 579 quo
662 496 813 580 scriptum
837 499 898 559 est:
930 496 1093 560 ethome
1117 500 1187 575 est,
1218 494 1364 576 etquis

222 603 422 683 cognoscet
445 603 546 663 eum?
570 618 670 681 neque
693 601 760 663 ideo
780 600 874 664 frater
898 603 1013 678 noster,
1037 618 1228 681 quamquam
1251 602 1283 662 et
1303 598 1364 662 hoc

221 702 328 767 diuina
349 704 449 786 pietas
469 721 524 787 pro
544 703 721 768 humilitate
745 704 843 767 cordis
867 705 915 767 sui
936 704 1063 767 famulis
1086 721 1200 767 nomen
1223 702 1365 766 indulse-

221 807 261 871 rit
284 808 403 872 dicens:
435 807 591 873 narrabo
619 826 750 872 nomen
778 811 881 872 tuum
908 808 1089 872 fratribus
1116 807 1221 886 meiS,
1253 810 1364 870 tamen

222 915 329 975 nostra
344 912 527 995 adrogantia
545 930 607 975 non
631 912 791 976 audendus
811 912 870 975 dici
890 912 994 992 frater,
1014 930 1072 975 nec
1091 912 1163 993 quia
1182 912 1273 976 homo
1294 909 1364 973 lieri

222 1015 446 1099 dignatusest,
470 1034 531 1097 qua
559 1019 589 1079 et
616 1016 683 1099 ipsc
710 1017 846 1080 hominis
874 1021 942 1080 ortu
970 1017 1047 1080 nihil
1074 1016 1169 1079 hahet
1194 1033 1363 1079 commune

222 1120 396 1199 uobiscum,
421 1121 474 1201 qui
496 1121 574 1184 eitra
597 1126 721 1184 nostrae
744 1121 954 1203 generationis
983 1139 1075 1184 usum
1103 1138 1173 1183 care
1196 1120 1299 1183 iactus
1322 1118 1362 1181 de

221 1224 331 1308 spiritu
355 1227 461 1288 sancto
483 1224 672 1288 intemerata
691 1243 797 1288 sacrae
817 1225 924 1288 matris
944 1225 1122 1308 uirginitate
1142 1229 1173 1287 et
1192 1225 1362 1305 conceptus

221 1332 253 1393 et
276 1331 369 1392 natus
393 1332 450 1391 est.
475 1330 506 1391 et
524 1328 592 1391 ideo
611 1329 678 1392 sine
698 1329 761 1393 ullo
781 1329 917 1410 eorporis
938 1330 1035 1392 nostri
1054 1329 1197 1411 contagio
1218 1331 1362 1391 nostrum

220 1449 332 1513 corpus
363 1432 503 1511 essentne,
535 1450 605 1496 non
633 1433 734 1497 dedit
761 1434 825 1496 deo
856 1433 1107 1516 placationem
1138 1450 1257 1510 suam,
1288 1433 1363 1513 quia

219 1537 300 1619 ipse
327 1536 548 1619 propitiatio
576 1541 669 1616 erat,
698 1555 764 1600 nec
794 1538 954 1618 pretinm
984 1536 1256 1619 redempt-iouis
1286 1535 1362 1599 ani-

221 1659 299 1704 mae
323 1658 410 1704 suae
434 1641 488 1705 sed
511 1645 645 1721 nostrae,
675 1643 749 1722 qnia
776 1659 836 1705 nou
861 1641 973 1724 egebat
996 1642 1096 1705 salute
1119 1641 1265 1704 saluator.
1304 1657 1362 1704 uos

221 1746 304 1808 enim
335 1746 453 1809 uenditi
487 1745 544 1809 sub
576 1750 701 1826 peccate
737 1745 906 1828 egebamus
938 1746 1037 1827 pretio
1072 1744 1294 1826 redemptionis
1330 1748 1363 1807 et

220 1850 288 1913 ideo
310 1854 436 1932 propter
464 1868 519 1913 nos
543 1851 646 1928 homo,
677 1854 801 1932 propter
830 1869 884 1913 nos
908 1850 1009 1913 forma
1032 1850 1124 1928 serui,
1155 1851 1280 1931 propter
1304 1866 1361 1912 nos

220 1952 303 2017 tilius
332 1954 472 2017 ancillae.
511 1954 564 2035 qui
588 1953 769 2017 benedictus
798 1958 828 2017 ct
856 1953 1066 2017 sanctificater
1094 1956 1272 2017 sanctornm
1295 1970 1361 2034 pro
1392 1978 1418 2016 1⁵

221 2057 327 2122 uehis
347 2063 452 2121 ttamen
470 2063 501 2122 et
517 2061 711 2140 peccatum
727 2063 763 2122 et
780 2059 1020 2122 maledictum
1039 2059 1162 2121 taetus
1183 2061 1253 2136 est,
1278 2056 1361 2137 quod

221 2180 283 2226 non
307 2166 381 2241 erat,
410 2166 444 2226 ut
474 2181 540 2241 nos,
572 2164 625 2244 qui
656 2167 688 2226 ct
718 2183 754 2226 en
781 2164 1045 2244 praeuaricatione
1073 2166 1236 2245 peceatum
1265 2164 1297 2224 et
1324 2179 1361 2223 er

221 2267 420 2330 damnatione
440 2267 642 2330 maledictum
663 2285 797 2346 aramue,
819 2268 857 2330 ah
877 2272 1008 2347 utroque
1027 2267 1215 2345 absolueret,
1239 2269 1361 2328 utrum-

221 2388 281 2451 que
311 2371 343 2433 in
374 2390 430 2434 sua
461 2389 552 2434 carne
584 2370 722 2453 adfigens
746 2372 839 2434 cruci.
872 2372 939 2434 ideo
970 2371 1088 2435 dictum
1118 2376 1210 2453 puto:
1241 2370 1360 2433 frater

221 2492 290 2538 non
314 2475 478 2553 redimit,
503 2474 659 2537 redimet
682 2476 802 2553 homo,
827 2475 900 2555 quia
916 2493 991 2556 quos
1016 2477 1111 2539 frater
1134 2494 1196 2539 non
1219 2475 1359 2538 redeme·
1389 2501 1402 2538 e

220 2582 269 2641 rat
296 2579 353 2643 hcc
384 2584 433 2641 est
456 2579 606 2661 propheta
641 2598 695 2640 seu
723 2579 893 2661 legislator,
923 2580 976 2660 qui
1005 2580 1098 2643 hemo
1129 2583 1252 2642 tautum
1282 2580 1358 2656 erat,

202 2681 271 2745 hic
290 2684 383 2747 home
407 2682 549 2762 redemit,
572 2683 623 2763 qni
645 2687 676 2746 et
697 2683 773 2746 dens
797 2688 872 2747 erat.
896 2684 985 2746 <leus
1010 2685 1121 2762 enim,
1145 2682 1255 2764 inquit,
1279 2684 1359 2745 erat

219 2786 256 2849 in
280 2785 429 2850 Christe
452 2787 702 2851 reconcilians
730 2788 803 2851 sihi
828 2789 1012 2851 reundum.
1051 2788 1142 2851 huius
1167 2787 1249 2851 enim
1274 2785 1360 2849 modi

219 2890 312 2953 homo
343 2892 426 2954 selus
457 2892 637 2973 praeualere
660 2892 760 2973 potuit
791 2892 941 2955 aduersus
973 2891 1162 2955 sententiam
1191 2890 1300 2954 mortis
1329 2895 1360 2953 et

220 2995 362 3057 aculeum
386 2996 514 3078 peccati,
545 2999 580 3058 ut
602 2996 842 3078 chirographum
868 2997 976 3060 mertis
999 2996 1137 3059 aboleret
1160 3000 1190 3059 ot
1212 2993 1358 3058 humilia·
1387 3023 1415 3062 2⁵

219 3100 267 3161 ret
289 3098 555 3178 calumniatorem,
587 3119 649 3163 uon
673 3104 779 3163 tamen
803 3101 830 3163 ei
855 3101 1019 3165 maiestate
1048 3104 1177 3163 naturae
1205 3117 1280 3163 suae
1303 3100 1358 3162 sed

219 3202 326 3266 habitu
350 3207 473 3267 nostrae
497 3205 699 3287 congrediens
729 3209 760 3267 et
784 3205 862 3268 nihil
886 3206 912 3267 ci
937 3209 1121 3285 extorquens
1146 3204 1281 3267 uiolento
1304 3202 1358 3265 do-

325 3435 350 3503 l]
370 3435 442 3490 Hier.
459 3438 534 3497 17,9.
600 3437 800 3505 strennua.
867 3437 1064 3505 homelea.
1131 3436 1357 3505 11]110h.2‚2.

220 3520 263 3589 12]
283 3520 370 3585 (Rom.
385 3524 407 3583 7,
425 3525 472 3589 lit.
529 3523 571 3590 14]
591 3523 670 3591 (Phil.
685 3527 709 3587 2,
723 3527 757 3587 7).
819 3524 861 3592 15]
882 3523 907 3575 ll
928 3522 1252 3584 evincendarum.
1313 3523 1357 3592 19]

218 3605 318 3674 (eota,
331 3610 380 3676 14).
430 3609 559 3672 Pelea.
608 3611 654 3678 2⁴2]
673 3610 866 3668 [lectatio.
916 3611 961 3679 25]
982 3609 1086 3676 (dola,
1104 3611 1151 3677 ll).
1200 3609 1253 3675 (Ps.
1267 3610 1356 3678 71‚4).

260 3827 347 3891 tique
369 3826 441 3892 01³¹,
460 3827 522 3893 quia
540 3834 585 3882 cet.
644 3828 700 3894 ipso
723 3829 752 3893 0,
773 3827 799 3879 in
820 3828 875 3895 ipso
893 3834 939 3881 cet.
1002 3830 1030 3882 ll
1050 3827 1181 3895 pratici)
1236 3831 1266 3883 12
1286 3827 1355 3880 salu-

217 3911 321 3965 temO
393 3915 424 3968 14
449 3913 476 3966 in
500 3914 586 3966 forma
609 3916 645 3967 M
714 3916 744 3968 17
764 3932 807 3982 pr.
832 3917 858 3966 et
885 3933 935 3969 our.
959 3914 1051 3968 FLM
1119 3917 1150 3969 18
1177 3914 1303 3981 utrinque
1333 3917 1361 3971 U

219 3998 250 4050 19
269 4012 346 4050 cruce
369 3999 406 4054 0¹
469 4003 503 4054 20
522 4016 574 4052 uon
593 4000 707 4053 redemit
725 4000 808 4054 freter
827 4001 911 4057 n'PU
969 4015 1022 4053 non
1040 4001 1132 4055 elo
1194 4000 1304 4054 redimit
1325 4001 1357 4069 Ο,

217 4082 369 4138 redemitP
421 4088 454 4140 22
467 4087 512 4154 qui
525 4091 551 4140 et
568 4087 619 4152 Oe,
632 4087 694 4155 quia
706 4094 752 4143 eet.
806 4088 1012 4154 eratinquitM
1061 4089 1095 4142 23
1107 4086 1179 4140 enirn
1192 4086 1265 4140 modi
1278 4089 1355 4155 Pllc,

216 4169 286 4222 enim
306 4171 385 4225 modo
402 4173 432 4239 0,
452 4173 606 4226 modiculm
619 4174 709 4228 FLM
760 4177 793 4229 25
806 4175 1001 4242 cyrographum
1015 4174 1109 4240 FMP,
1128 4173 1315 4243 cirographum
1333 4177 1360 4231 U

215 4259 249 4312 27
269 4261 358 4310 nostro
377 4259 407 4312 F
456 4258 480 4311 ci
498 4277 548 4314 om¹
562 4260 644 4316 FPU
