3052 4784
535 313 681 382 epistula
698 312 888 376 xxxxvnn,
907 329 928 367 c.
942 316 1035 369 9-12,
1293 296 1356 361 399

261 488 309 553 ll.
333 488 430 552 Nauis
454 506 528 552 nero
551 488 633 553 illins
654 487 747 552 turba
765 488 893 569 felicior,
917 506 997 570 quae
1020 489 1160 572 apostolo
1183 490 1358 553 condonata

215 596 273 672 est,
296 610 359 658 non
382 593 447 657 suis
470 592 596 674 quidem
619 593 753 666 moritis;
780 610 854 657 nam
878 596 909 656 et
931 592 991 674 ipsi
1013 593 1212 676 naufragium
1235 612 1358 657 merne-

213 700 288 762 runt
303 697 356 778 qni
376 700 556 780 contempto
576 696 709 780 apostoli
729 697 856 761 consilio
875 697 1070 780 nauigarent.
1095 697 1150 761 sed
1171 715 1233 761 non
1252 698 1357 761 minus

215 804 248 865 et
276 801 335 865 hoe
364 818 532 883 possumus
562 801 595 865 in
625 801 739 865 diuinis
769 800 914 885 operibus
946 801 1069 884 nauigio
1099 801 1237 884 gloriari,
1269 800 1357 865 cuins

174 933 188 973 e
214 905 289 969 uiris
310 920 503 987 quamquam
521 905 654 970 defuerit
673 906 783 970 similis
804 907 983 985 aduocatus,
1007 909 1114 970 tamen
1134 905 1194 988 ipsi
1213 906 1246 969 in
1265 905 1357 970 unico

214 1012 311 1074 nauta
337 1010 404 1092 ipse
432 1010 564 1093 apostoli
591 1010 666 1074 deus
694 1010 794 1074 adfuit
819 1009 1020 1093 gubernator,
1051 1014 1082 1074 et
1104 1026 1163 1092 quo
1186 1027 1242 1093 pro
1265 1010 1357 1074 unius

213 1115 389 1178 innocentis
412 1114 513 1179 salute
536 1115 652 1178 meruit
670 1113 805 1194 liberari,
828 1115 910 1196 quod
929 1114 993 1194 illa,
1017 1132 1096 1196 quae
1119 1131 1174 1178 uas
1198 1114 1357 1177 electionis

215 1219 249 1283 in
268 1218 402 1283 uinculis
423 1218 525 1301 prima
545 1224 735 1302 susceperat,
759 1218 798 1283 ob
820 1219 952 1302 apostoli
972 1220 1190 1301 contemptum
1211 1222 1242 1282 et
1261 1218 1358 1302 capti·

214 1323 348 1386 uitatem
370 1322 503 1387 carceris
526 1323 656 1387 crimine
679 1323 828 1387 damnata
850 1341 913 1388 non
936 1323 1059 1387 meruit.
1094 1323 1148 1386 illa
1171 1340 1245 1386 uero
1267 1323 1358 1387 nauis

162 1456 189 1495 ro
215 1428 325 1492 cohors
347 1427 426 1492 mihi
448 1427 572 1492 uidetur
595 1431 627 1492 ot
648 1432 775 1510 propter
797 1427 917 1511 gratiae
943 1428 1129 1510 mysterium
1150 1426 1294 1508 liberata,
1324 1431 1359 1491 nt

216 1533 254 1596 de
280 1532 444 1615 naufragio
472 1532 562 1596 nanis
589 1533 731 1596 addictae
754 1533 830 1596 nudi
853 1533 1032 1613 euaderent,
1064 1532 1184 1596 scilicet
1207 1537 1242 1597 ut
1265 1551 1317 1596 eos
1340 1551 1360 1596 a

215 1636 326 1720 prioris
352 1636 443 1700 nanis
470 1635 502 1699 id
527 1639 576 1701 est
599 1635 638 1699 ab
661 1635 750 1700 Adae
773 1636 876 1700 carnis
899 1639 1024 1719 peccato
1047 1636 1196 1701 liberatos
1225 1640 1256 1700 et
1282 1636 1359 1718 ipsis

215 1760 271 1824 per
297 1759 375 1821 quos
403 1744 570 1804 euaserant
595 1739 742 1805 fluctibus
771 1741 912 1823 expiatos
937 1743 1032 1823 atque
1059 1741 1199 1804 omnium
1227 1741 1359 1822 quasin

216 1863 303 1908 mare
327 1844 505 1909 abiecerunt
529 1845 560 1910 id
587 1849 635 1910 est
657 1845 864 1910 saecularium
888 1846 1081 1910 sarcinarum
1104 1846 1190 1910 leues
1214 1849 1245 1909 et
1268 1845 1366 1913 undis.

163 1977 188 2017 rr
216 1949 307 2031 quasi
328 1949 464 2032 peccatis
486 1949 576 2033 graui
603 1953 635 2014 et
662 1949 787 2014 madida
814 1950 928 2014 ueteris
952 1950 1086 2014 hominis
1114 1953 1201 2014 ueste
1224 1949 1358 2013 nudatos

215 2055 339 2136 integra
365 2057 397 2117 et
424 2054 525 2118 solida
551 2054 642 2118 nauis
669 2055 834 2136 acciperet,
865 2072 943 2135 qnae
965 2055 1091 2136 plenam
1114 2053 1186 2117 fidei
1210 2052 1359 2117 ecelesiae

217 2157 367 2222 exhibens
389 2159 524 2223 formem
546 2162 630 2223 tutos
654 2158 686 2222 in
706 2161 833 2241 portum
848 2158 1044 2240 Romamque
1063 2158 1214 2240 peruenit.
1238 2158 1270 2221 in
1291 2157 1360 2238 qui-

217 2261 277 2325 bus
300 2262 443 2327 similiter
465 2263 597 2345 mystica
615 2266 803 2345 argumenta
822 2262 1007 2326 formantur.
1032 2280 1106 2325 nam
1127 2264 1250 2325 mutata
1269 2261 1359 2325 nauis

217 2369 334 2429 noueta
362 2366 395 2429 in
422 2364 545 2430 christo
575 2366 642 2430 uite
672 2369 729 2446 est,
761 2369 792 2429 ot
820 2369 927 2448 portus
959 2366 1068 2429 salutis
1099 2366 1247 2430 ecclesiae
1278 2367 1359 2429 teste

164 2499 191 2538 so
218 2469 349 2535 Graecia
371 2488 486 2534 nornen
511 2475 559 2535 est
581 2471 721 2536 Romane
744 2470 880 2534 uirtutis.
918 2468 1140 2533 benedicamus
1168 2486 1241 2552 ergo
1264 2470 1358 2533 deum

218 2578 252 2639 et
285 2575 493 2639 exultemus
527 2574 564 2638 in
595 2575 661 2639 deo
691 2578 835 2654 nostro,
869 2574 931 2655 qui
960 2574 997 2637 in
1028 2574 1116 2638 altis
1144 2571 1292 2637 habitet
1322 2576 1357 2637 et

217 2678 375 2742 humilia
403 2679 575 2760 respicit,
609 2679 658 2742 oui
689 2697 761 2743 non
790 2679 826 2742 in
856 2677 1002 2741 uiribus
1032 2677 1118 2758 equi
1147 2696 1265 2759 neque
1293 2674 1358 2761 (in)

218 2781 476 2847 tabernaculis
503 2783 589 2862 uiri,
620 2783 675 2847 sed
702 2783 734 2847 in
761 2782 934 2846 humilibus
965 2786 997 2845 et
1023 2780 1246 2845 timentibus
1277 2800 1357 2844 eum

217 2886 310 2951 bene
338 2887 520 2970 placitum
543 2891 613 2967 est,
642 2891 674 2951 et
697 2887 774 2969 qui,
797 2891 832 2951 nt
853 2888 884 2951 in
912 2887 970 2950 isto
998 2886 1093 2949 etiam
1115 2904 1190 2949 sene
1213 2885 1358 2966 ostendit,

164 3018 192 3058 ss
218 2993 328 3055 sanat
357 3007 484 3054 omnes
514 2991 697 3055 contritos
731 2990 839 3054 corde
873 2994 908 3053 et
938 2989 1082 3072 adligat
1112 2989 1358 3052 contritiones

219 3113 354 3160 eorum.

263 3197 313 3263 12.
337 3199 439 3264 Nimis
469 3199 581 3283 garrio,
610 3199 716 3264 frater.
754 3200 863 3279 sentio,
895 3197 950 3262 sod
980 3215 1094 3280 quaeso
1125 3197 1225 3261 adhuc
1251 3197 1358 3279 paucis

218 3305 301 3369 ieras
324 3323 384 3369 me.
407 3305 600 3388 interrogare
623 3304 707 3368 enim
725 3303 813 3384 libet,
836 3303 940 3367 ullane
960 3304 991 3366 te
1009 3303 1103 3366 huius
1123 3301 1240 3366 saeculi
1258 3301 1359 3384 digni-

325 3530 352 3599 1]
371 3529 562 3599 (Aecaaao.
627 3528 671 3596 11]
691 3527 715 3596 (1
733 3527 805 3581 eeu.
818 3529 843 3591 e,
856 3529 908 3595 21).
970 3526 1017 3595 ar]
1036 3525 1080 3578 es.
1095 3528 1152 3590 112,
1166 3529 1189 3580 5.
1251 3527 1295 3594 aa]
1314 3525 1359 3579 es.

221 3619 280 3682 roo,
293 3619 334 3671 10.
387 3616 433 3685 as]
451 3616 606 3680 Peraea.

263 3827 326 3880 let
346 3825 376 3893 Ο,
395 3841 460 3880 exv
523 3824 585 3893 bip
604 3823 655 3893 ipsi
674 3823 747 3877 inO
812 3822 1059 3891 detquo]aquo
1077 3823 1121 3875 uel
1139 3838 1155 3873 a
1173 3837 1225 3888 quo
1243 3822 1358 3876 010001.

221 3913 324 3982 Sasu,
348 3914 427 3980 atque
449 3915 514 3981 sort.
586 3910 790 3965 ”isalutemO
859 3910 1055 3964 reclamo
1125 3910 1155 3962 11
1180 3907 1302 3961 addictae
1328 3907 1359 3976 0,

219 3997 308 4053 editae
326 4017 349 4067 0,
368 3997 489 4068 epibatae
507 3999 576 4055 coni.
591 3999 686 4054 Secede.
740 3999 772 4051 17
786 3998 894 4064 portum
906 3995 1004 4061 Roaw,
1021 3996 1100 4063 portu
1118 3993 1161 4049 00
1214 3997 1248 4049 19
1260 3995 1360 4047 nouato

219 4104 244 4153 0,
262 4085 405 4141 nouatoO
456 4087 490 4140 20
508 4099 617 4139 romano
635 4085 741 4152 scripsi,
760 4098 870 4135 romana
891 4081 922 4148 0,
941 4081 1060 4135 Romae
1120 4081 1359 4149 22110000

159 4196 164 4207 ·
220 4174 254 4228 24
276 4174 303 4226 et
326 4171 372 4240 qui
392 4191 417 4239 o,
445 4172 522 4240 aequi
548 4173 571 4227 0
640 4171 692 4224 isto
714 4188 738 4237 u,
766 4170 835 4222 iusto
862 4168 885 4223 0
955 4170 988 4222 27
1016 4167 1106 4236 frater,
1134 4171 1164 4221 ut
1187 4167 1271 4222 sentio
1293 4171 1358 4239 fort.

220 4253 473 4327 Qmumo
