3036 4770
229 302 293 367 240
566 319 591 374 S.
604 319 737 375 Paulini
755 319 874 375 Nolani
893 321 1036 390 episcopi

229 499 345 578 spirare
368 496 552 575 Martinam,
581 496 689 560 llorere
713 496 851 577 Clarum,
883 497 1033 561 matmari
1056 497 1256 580 euangelium
1279 516 1371 581 prae·

229 599 383 664 dicabant.
422 600 648 684 inpinguarunt
675 601 801 665 omnino
829 601 896 664 olco
923 601 1062 665 lactitiae
1090 605 1185 684 ceput
1212 605 1370 673 nostrum

229 708 355 786 propter
377 705 435 768 hoc
461 703 734 768 benedixerunt
760 705 883 768 omnia
904 705 1087 769 interiore
1109 710 1237 769 nostra
1258 705 1371 769 dorni·

229 826 312 871 num
336 809 452 892 duplici
475 827 570 873 censa
591 809 820 892 gratulationis,
847 809 929 890 quod
952 814 983 873 et
1006 808 1064 874 tibi
1088 810 1258 893 plurimum
1281 827 1371 893 prae·

229 913 345 976 stitisse
380 931 435 977 nos
470 914 723 996 intellegeremus
754 914 792 976 de
826 913 983 996 agnitione
1017 913 1302 993 dilectissimorum,
1336 917 1371 978 ut
1412 941 1426 979 s

229 1016 377 1099 probasti,
409 1018 543 1081 fratrum
570 1021 601 1079 et
629 1017 698 1080 illos
721 1018 872 1101 gratulari
901 1016 960 1081 sibi
983 1018 1020 1081 de
1049 1019 1160 1083 notitia
1187 1022 1218 1081 et
1241 1018 1371 1082 caritate

229 1124 283 1184 tua
306 1125 339 1184 ut
364 1121 469 1185 diuino
493 1140 621 1184 munere
645 1122 832 1203 uideremus.
863 1126 1015 1204 quantum
1038 1122 1085 1186 illi
1107 1126 1269 1205 praeterea
1291 1122 1372 1186 inter

230 1243 323 1307 opere
350 1229 382 1289 ct
409 1243 540 1289 munera
566 1226 597 1289 iu
627 1229 656 1288 te
684 1225 733 1289 dei
761 1226 905 1289 admirati
934 1230 1008 1290 suut
1035 1227 1130 1290 etiam
1154 1243 1266 1309 pueros
1290 1230 1372 1305 tuoe,

229 1329 342 1411 quiin
366 1330 525 1392 circuitu
550 1334 611 1393 tuo
635 1329 734 1402 sicut
757 1331 928 1394 nouellae
951 1330 1134 1395 olidarum
1158 1330 1271 1408 uireut,
1302 1329 1372 1411 qui·

230 1433 288 1497 bus
312 1437 342 1497 te
366 1434 442 1497 deus
466 1438 572 1498 noster
595 1434 678 1498 idem
702 1434 785 1513 fecit,
809 1434 891 1515 quod
915 1435 981 1516 ipse
1004 1435 1124 1498 cunctis
1149 1438 1204 1512 est,
1231 1438 1265 1497 ut
1288 1438 1318 1497 te
1342 1437 1373 1497 et
1400 1463 1426 1499 ιο

230 1538 320 1619 quasi
350 1538 509 1602 dominum
541 1542 710 1616 uereantur
741 1542 772 1601 et
802 1538 891 1619 quasi
919 1542 1042 1620 patrem
1071 1538 1213 1622 diligant!
1252 1538 1284 1601 in
1314 1538 1373 1601 hoc

230 1646 336 1706 tamen
364 1659 507 1706 sermone
535 1660 642 1705 eorum
666 1643 802 1706 fatemur
825 1643 982 1725 gemuisse
1010 1661 1066 1706 nos
1093 1642 1132 1706 ad
1156 1641 1371 1705 infelicitatem

229 1749 379 1825 nostram,
410 1746 523 1827 quibus
552 1746 590 1809 ab
620 1746 772 1809 eiusmodi
799 1746 869 1809 filiis
900 1746 1100 1811 sterilitatem
1126 1746 1273 1830 grauiora
1300 1764 1374 1827 pec·

230 1855 300 1914 octe
324 1852 480 1930 fecissent,
505 1851 560 1914 sed
582 1852 674 1914 facti
697 1870 824 1914 sumus
847 1851 953 1933 quasi
977 1851 1177 1930 consolati,
1200 1850 1274 1932 quic
1298 1850 1374 1913 uici-

233 1975 307 2019 num
331 1975 399 2019 esse
423 1954 512 2019 nobis
537 1959 608 2018 tuae
632 1956 790 2018 felicitatis
814 1955 929 2019 bonum
955 1955 1138 2018 iudicamus.
1402 1981 1428 2021 rs

276 2059 305 2122 4.
331 2061 447 2123 Verum
476 2079 513 2123 nc
537 2059 676 2142 longiore
705 2059 870 2123 interuallo
899 2062 1006 2123 nostre
1033 2059 1182 2140 iniquitas
1212 2058 1374 2122 internos

232 2168 262 2226 et
287 2168 317 2227 fe
341 2169 474 2245 separet,
498 2167 599 2228 totum
622 2164 715 2242 huno,
739 2182 800 2245 quo
822 2163 932 2227 diebus
956 2168 987 2226 et
1010 2162 1154 2227 noctibus
1175 2162 1269 2225 deum
1294 2161 1375 2225 mul·

232 2287 298 2347 cce,
337 2286 442 2331 sacrae
476 2267 566 2351 pubis
607 2267 733 2350 accinge
768 2266 938 2347 delectum,
978 2271 1012 2330 ut
1046 2267 1211 2331 aduersum
1245 2269 1375 2349 peccata

232 2376 340 2436 nostre
359 2390 414 2454 pro
435 2371 524 2436 nobis
545 2371 644 2434 aciem
667 2372 843 2435 orationum
864 2371 1000 2454 dirigent
1022 2376 1053 2435 et
1075 2373 1211 2449 errorent,
1235 2373 1269 2434 ut
1292 2388 1375 2433 con-

232 2476 358 2539 firmet
380 2476 447 2539 hoc
470 2475 640 2539 dominus
664 2476 758 2556 quod
785 2479 959 2558 operatus
985 2480 1040 2540 cst
1063 2475 1185 2554 nobis,
1215 2475 1246 2537 id
1269 2477 1376 2538 estut
1402 2502 1429 2540 so

232 2580 360 2644 caritate
385 2584 447 2659 tua,
478 2580 509 2644 iu
533 2598 594 2661 qua
622 2597 705 2643 nunc
732 2580 960 2661 adquiescimus
990 2584 1020 2644 et
1046 2597 1108 2660 qua
1129 2578 1312 2662 gloriemur,
1343 2578 1374 2641 in

232 2685 286 2749 illa
308 2685 357 2748 die
380 2685 599 2767 refrigeremur
623 2689 653 2747 et
676 2685 878 2766 gaudeamus

733 2909 880 2974 XXVlll.

284 3047 406 3113 SANCTO
429 3071 543 3112 FRATRI
566 3072 605 3111 ΕΤ
627 3070 765 3112 t'nenltlo
788 3070 987 3111 cortinarom
1010 3046 1134 3113 SEVERO
1157 3047 1323 3111 Pdvnmvs

279 3205 306 3269 1.
331 3206 424 3270 Redit
447 3224 465 3268 a
488 3225 537 3269 me
559 3205 614 3270 tibi
636 3205 752 3284 Victor,
776 3209 811 3269 ut
832 3205 940 3269 redcat
962 3208 1029 3268 ate
1053 3203 1139 3283 mihi,
1163 3204 1268 3268 Victor
1290 3220 1377 3266 com·
1402 3228 1429 3267 es

233 3329 328 3374 mune
344 3311 458 3394 pignus
480 3314 511 3374 et
526 3310 617 3374 fidele
637 3310 877 3374 contubernium
897 3314 928 3373 et
949 3310 1088 3373 solemne
1108 3309 1254 3372 solatium
1275 3306 1376 3387 uobis,

336 3467 1376 3543 mmmmewmmnmmmm.mmmnm

239 3560 728 3630 mmmm.mmmm

278 3717 345 3772 (lde
364 3735 387 3783 c,
406 3717 497 3774 oneo
550 3721 566 3771 9
586 3715 705 3769 nouellce
723 3736 746 3784 r,
766 3715 910 3771 nouella-0
963 3713 1094 3769 uerentO
1149 3717 1181 3769 10
1200 3716 1225 3766 et
1244 3730 1267 3779 o,
1285 3712 1379 3767 om.O

238 3807 269 3859 12
287 3803 403 3857 fatemur
415 3803 547 3871 gemuisse
564 3819 610 3856 uos
624 3822 647 3870 e,
667 3803 759 3856 statim
772 3803 844 3855 uriae
858 3819 905 3855 nos
922 3803 952 3869 0,
971 3801 1129 3854 scaturimus
1142 3804 1207 3869 fort
1258 3801 1289 3854 13
1308 3800 1378 3852 cius-

237 3887 317 3943 modo'
336 3892 358 3943 (1
413 3893 444 3945 ll
463 3890 581 3943 uicinum
600 3908 624 3956 o,
648 3889 784 3944 uiciuoO
837 3892 868 3943 16
887 3889 1037 3956 iniquitatis
1058 3888 1095 3942 0¹
1150 3889 1182 3942 18
1202 3885 1335 3939 delectum
1355 3904 1378 3951 0,

237 3976 403 4031 dilectumO
457 3980 491 4032 20
509 3976 579 4044 quod
598 3995 621 4039 r,
640 3976 737 4044 quoO
789 3977 824 4030 22
843 3975 1050 4043 refrigerem'O

280 4064 456 4120 FLMOPU.
481 4094 513 4102 —
537 4063 633 4132 incipit
650 4066 745 4116 octaua
764 4061 881 4115 eiusdem
901 4062 935 4131 F,
959 4062 1023 4115 item
1042 4062 1103 4129 epla
1122 4059 1241 4113 eiusdem
1260 4058 1294 4112 ed
1313 4076 1378 4112 euu-

236 4175 296 4229 dem
316 4177 400 4230 ·VII·
420 4178 454 4242 L,
473 4175 507 4229 ed
526 4176 665 4245 sulpitium
685 4191 807 4228 seuerum
828 4131 897 4227 ‘xv'
917 4175 958 4242 M,
977 4173 1072 4242 incipit
1090 4171 1122 4225 ad
1140 4171 1255 4226 eundern
1273 4171 1378 4226 ·VIII·

238 4263 268 4331 0,
295 4263 406 4331 epistole
434 4263 519 4317 sancti
545 4262 647 4331 paulini
670 4262 786 4332 episcopi
809 4261 844 4315 ad
867 4277 990 4315 seuerum
1014 4259 1173 4314 monachum
1197 4257 1230 4312 de
1252 4257 1379 4313 laudibus
