3036 4770
159 292 224 357 200
492 312 517 366 S.
530 312 663 367 Paulini
682 312 802 368 Nolani
821 315 966 384 episcopi

159 487 232 550 tulit
253 490 408 551 referam?
432 489 506 570 quid
528 506 583 571 pro
607 493 752 572 suscepta
774 493 889 554 earne?
913 489 987 572 quid
1007 509 1062 573 pro
1079 490 1201 574 alapis?
1224 490 1299 572 quid

158 609 214 672 pro
237 589 432 673 obprobriis?
466 593 539 674 quid
569 612 624 676 pro
647 592 802 677 flagellis?
834 611 890 676 pro
914 612 1005 658 oruoe
1028 594 1116 658 obitu
1139 596 1300 677 sepultura

158 695 349 777 rependam?
374 700 451 777 esto,
475 697 641 761 reddamus
657 716 782 762 erueem
797 716 853 781 pro
869 717 969 779 eruce,
994 700 1088 763 funus
1104 699 1298 781 profudere:

159 800 311 882 numquid
333 802 504 884 poterimus
527 803 655 867 reddere
678 805 758 885 quod
786 822 827 867 er
854 805 934 886 ipso
963 807 999 867 et
1025 822 1088 887 per
1115 805 1238 885 ipsum
1264 808 1301 867 et

159 906 194 968 in
222 905 302 986 ipso
329 905 483 970 habemus
510 908 632 971 omnia
662 912 694 970 et
719 909 780 991 ipsi
804 909 856 990 qui
880 908 1031 972 habemus
1055 911 1186 972 sumus?
1221 910 1299 991 ipse
1336 932 1348 971 r

159 1010 242 1072 enim
265 1010 357 1073 feeit
384 1028 465 1091 nos,
496 1015 530 1074 et
562 1030 631 1076 non
659 1013 731 1094 ipsi
755 1031 834 1092 nos,
866 1017 896 1076 et
919 1013 1024 1077 anima
1046 1017 1155 1077 nostra
1177 1031 1300 1094 semper

158 1114 190 1177 in
220 1113 366 1178 manibus
397 1116 473 1178 eius.
511 1116 678 1179 reddamus
709 1134 782 1199 ergo
813 1135 951 1180 amorem
982 1135 1036 1199 pro
1068 1117 1188 1197 debito,
1223 1117 1300 1180 osri-

159 1220 258 1282 tetem
280 1236 335 1300 pro
359 1237 498 1299 monere,
521 1221 655 1302 gretiam
677 1238 733 1301 pro
755 1222 896 1302 peounia.
928 1239 986 1284 uae
1010 1222 1093 1284 eninr
1116 1220 1216 1301 nobie,
1240 1221 1300 1284 nisi

159 1321 368 1387 dilexerimus,

201 1426 253 1489 46.
286 1425 416 1506 Quando
446 1432 550 1492 eutem
585 1447 707 1512 sperem
742 1448 792 1492 me
823 1431 973 1493 misemm
1003 1434 1035 1492 et
1064 1447 1199 1512 egenum
1229 1429 1300 1492 huie
1326 1451 1349 1488 ro

158 1531 283 1595 domino
306 1550 398 1614 posse
420 1531 558 1612 reddere,
588 1533 638 1595 eui
665 1551 722 1595 nee
746 1533 879 1614 apostoli
902 1552 935 1596 se
958 1533 1129 1597 reddidisse
1152 1532 1300 1616 profiten-

158 1638 218 1698 tur.
243 1635 315 1699 audi
335 1635 466 1717 denique
489 1655 588 1700 unum
607 1637 644 1699 de
667 1637 743 1719 ipsis
762 1637 964 1701 confitentem
985 1657 1017 1700 se
1038 1655 1099 1701 non
1118 1638 1300 1717 reddidisse,

159 1740 210 1821 qui
226 1739 314 1804 dioit:
338 1742 418 1821 quis
439 1741 538 1823 prior
562 1741 661 1804 dedit
684 1741 731 1820 ei,
755 1744 791 1804 et
814 1742 1046 1805 retribuetur
1068 1742 1147 1806 illi?
1171 1741 1227 1804 sed
1242 1741 1301 1825 ipsi

158 1845 285 1926 gratias,
315 1846 369 1926 qni
396 1845 485 1908 nobis
508 1846 588 1908 tanti
611 1845 726 1908 fenoris
754 1846 887 1909 remittit
913 1864 1023 1909 usuras
1047 1850 1079 1908 et
1101 1845 1301 1928 obligationis

158 1949 320 2013 inmensae
344 1949 551 2031 conpendium
574 1953 722 2032 praestat,
754 1951 853 2013 solum
876 1968 895 2013 a
917 1949 1007 2013 nobis
1031 1950 1231 2013 dilectionem
1254 1951 1302 2013 sni
1328 1970 1352 2010 rs

159 2057 314 2134 repetens,
351 2072 445 2134 quam
479 2054 561 2117 inter
594 2058 760 2136 praecepta
795 2072 851 2117 sua
883 2055 1047 2136 principali
1081 2055 1148 2118 loeo
1181 2072 1301 2136 ponens

159 2157 294 2220 ostendit
316 2158 470 2237 quomodo
496 2158 541 2221 illi
564 2157 728 2222 insolubile
752 2158 892 2222 debitum
916 2159 1010 2222 etiam
1033 2159 1140 2240 inopes
1165 2159 1303 2222 soluere-

159 2280 240 2324 mus.
279 2279 370 2325 nemo
398 2281 431 2325 se
458 2262 553 2345 igitur
576 2266 703 2326 excuset
724 2263 908 2326 difficultate
932 2263 1083 2338 soluendi,
1114 2263 1187 2344 quia
1209 2280 1303 2326 nemo

160 2385 193 2429 se
208 2369 312 2449 potest
328 2367 428 2430 dieere
445 2367 585 2430 animum
602 2385 663 2431 non
679 2366 804 2431 habere.
829 2385 891 2430 non
912 2367 1071 2447 sacrificia,
1092 2385 1154 2430 non
1170 2385 1304 2431 munera

159 2474 352 2553 sumptuosa,
384 2489 446 2535 non
469 2471 537 2534 duri
559 2471 682 2535 labores
711 2472 875 2554 eriguntur
902 2490 921 2535 a
947 2472 1051 2545 nobis;
1082 2472 1114 2535 in
1141 2471 1231 2535 nobis
1254 2476 1304 2536 est
1328 2493 1354 2532 so

159 2574 241 2638 unde
264 2576 433 2639 soleamus.
457 2594 507 2639 res
531 2576 616 2638 enim
635 2577 799 2657 potestatis
819 2579 944 2639 nostrae
964 2579 1012 2639 est
1031 2579 1136 2639 noster
1156 2575 1302 2650 affeetus3

158 2679 242 2743 hune
262 2678 387 2742 domino
407 2680 624 2762 inpendemus,
648 2684 679 2743 et
694 2680 856 2744 soluimus.
880 2680 1013 2761 denique
1029 2679 1132 2743 Dauid
1152 2678 1302 2743 liberatus

159 2783 197 2846 de
226 2801 321 2847 manu
348 2784 489 2847 omnium
515 2784 713 2847 inimieorum
740 2802 868 2848 suorum
890 2802 945 2866 pro
973 2784 1083 2847 salutis
1111 2801 1186 2847 suae
1208 2784 1304 2865 plena

160 2889 325 2951 securitate
357 2905 420 2951 non
450 2889 540 2970 regni
567 2888 678 2971 opibus
706 2888 760 2951 sed
788 2889 884 2952 animi
912 2889 1036 2952 soluens
1061 2888 1117 2951 ait:
1148 2888 1303 2971 diligam

159 2993 210 3071 te,
234 2991 393 3072 domine,
416 2993 538 3056 uirtus
562 3010 650 3055 mee.
1328 3016 1354 3056 ss

202 3092 254 3158 47.
283 3095 373 3160 Addo
404 3098 499 3160 etiam
526 3098 660 3179 amplius
689 3115 771 3176 eum,
803 3097 856 3178 qui
884 3097 1017 3160 ereditor
1043 3099 1101 3176 est,
1129 3095 1303 3160 debitorem

160 3199 240 3279 iore,
276 3200 302 3262 si
335 3200 381 3264 illi
414 3201 551 3283 pretium
582 3201 732 3265 bonitatis
765 3219 854 3280 suae,
886 3219 980 3282 quam
1010 3200 1099 3264 nobis
1130 3200 1303 3264 indebitam

159 3307 307 3385 praestat,
331 3305 468 3386 gratuita
488 3304 651 3387 diligentes
672 3305 777 3368 animo
796 3306 945 3386 pensione
969 3305 1139 3368 soleamus.
1162 3305 1303 3387 diligitur

160 3412 266 3470 autem
290 3408 377 3471 etin
407 3408 564 3473 nobismet
591 3409 677 3492 ipsis,
709 3411 782 3490 quia
807 3410 874 3492 ipse
898 3409 974 3472 dixit
1003 3410 1061 3473 hoe
1088 3410 1214 3492 signum
1237 3411 1303 3475 fore

265 3597 293 3667 r]
313 3597 389 3651 nom.
404 3600 444 3662 11,
459 3600 500 3653 ae.
555 3598 582 3667 5]
601 3598 645 3652 rs.
658 3601 700 3663 se,
713 3601 737 3654 s.
794 3598 1042 3666 1311ton1.11,35.
1100 3597 1303 3666 24]Ps.17,2.

206 3782 283 3850 lpr.
304 3779 368 3849 quid
391 3798 441 3836 om.
461 3781 547 3837 FPU
621 3783 668 3836 alt.
688 3781 752 3848 quid
779 3800 829 3837 om.
853 3781 937 3837 FPU
1014 3784 1101 3849 2pro
1124 3779 1200 3834 obitu
1222 3782 1308 3839 FPU

163 3866 299 3936 sepultura
317 3868 418 3923 0er
467 3868 606 3936 baumus]
626 3867 707 3921 abeo
727 3866 940 3922 sumusFP²U
989 3871 1112 3922 lamere
1129 3870 1156 3924 U
1208 3871 1239 3923 12
1259 3868 1303 3937 do]

898 3954 927 3987 illi

162 4013 193 4049 ex
210 3998 275 4051 ΒΜ
334 3999 366 4052 13
385 3996 430 4065 qui
450 3996 515 4050 dicit
533 3997 604 4066 quis]
624 3997 683 4064 quis
701 3997 790 4064 inquit
807 3999 845 4051 M
902 3999 925 4050 ei
944 4000 982 4052 M
995 3997 1032 4065 (¹¹¹¹
1045 4016 1078 4051 m.
1091 3998 1119 4065 2)
1176 3997 1304 4052 retribui-

163 4086 207 4136 tur
224 4084 354 4139 FOPUv
408 4085 442 4138 14
459 4083 559 4154 fenoris
578 4084 646 4151 ΜΟ,
665 4083 780 4136 foeneris
798 4085 856 4140 PU
911 4086 943 4139 18
961 4085 1045 4152 igitur
1062 4100 1089 4137 se
1107 4084 1139 4138 F
1194 4088 1226 4140 19
1245 4100 1304 4138 mu·

162 4170 238 4239 nara]
257 4170 354 4223 itinera
372 4170 456 4225 FPU
514 4174 546 4225 21
567 4170 702 4224 soleamus
721 4170 786 4224 ΕΜ
843 4172 877 4224 23
895 4171 1015 4224 omnium
1034 4189 1085 4227 om.
1104 4171 1135 4225 F
1189 4173 1223 4226 24
1241 4187 1304 4241 opes

161 4256 227 4309 ΕΜ
275 4256 455 4325 inamplius:
474 4272 535 4310 oum
558 4260 584 4313 U
633 4259 668 4312 28
686 4256 815 4324 diligente
838 4258 865 4312 U
