3036 4770
525 323 668 395 epistula
686 323 767 385 XXV,
786 340 806 377 c.
822 326 895 380 1-4.
1217 305 1281 370 225

141 499 290 564 habetis
321 500 617 564 consolationem
647 503 827 572 uestram;
862 517 927 562 uae
959 497 1065 562 uobis
1092 499 1153 580 qui
1181 502 1280 562 satu-

140 604 213 668 rati
240 605 346 684 estis,
377 603 462 685 quia
488 604 679 667 esurietis!
711 620 776 666 uae
805 602 910 666 uobis
933 603 995 684 qui
1019 603 1150 667 ridetis
1175 622 1279 682 nuuc,

139 707 226 790 quia
248 706 429 792 lugebitis
454 712 489 771 et
512 706 674 772 flebitis!

184 810 214 875 3.
238 811 310 876 Noli
336 830 410 896 ergo
434 812 550 876 diutius
574 812 701 895 diligere
724 812 807 875 hunc
833 812 985 875 mundum
1013 829 1112 892 nequa
1136 810 1280 874 militiam

100 942 113 980 s
141 917 220 996 aius,
254 916 327 998 quia
357 916 529 979 secundum
559 915 730 998 scripturae
765 915 982 979 auctoritatem
1016 915 1189 979 inimicus
1224 915 1281 978 dei

141 1024 197 1083 cst
225 1020 447 1102 quicumque
471 1020 612 1083 airricus
636 1024 692 1084 ast
715 1020 865 1083 saeculi.
905 1023 936 1084 et
962 1019 1014 1100 qui
1038 1020 1154 1082 militat
1178 1019 1281 1103 gladio

142 1124 252 1187 mortis
275 1128 324 1188 ast
347 1124 499 1202 minister,
523 1125 575 1205 qui
596 1125 718 1205 quaudo
742 1142 834 1187 suum
857 1127 912 1187 aut
934 1124 1072 1187 alianum
1095 1124 1281 1207 sanguinem

141 1227 258 1308 fundit,
293 1228 364 1292 hinc
397 1228 507 1309 recipit
540 1230 676 1291 fructum
712 1227 952 1310 stipendiorum
992 1232 1046 1291 aut
1080 1227 1164 1290 enim
1198 1227 1282 1291 exitu

142 1332 250 1397 mortis
274 1331 431 1396 tenebitur
452 1351 523 1395 reus
551 1336 604 1395 aut
627 1331 767 1410 crimine,
799 1332 874 1413 quia
896 1350 1022 1395 neccsse
1045 1335 1103 1409 est,
1134 1335 1169 1395 ut
1191 1332 1282 1395 miles

91 1462 115 1500 w
142 1437 172 1499 iu
197 1435 289 1515 bello,
320 1437 437 1517 inquo
461 1440 566 1499 tamen
595 1439 745 1499 nontam
769 1454 824 1517 pro
851 1455 885 1499 se
909 1453 1003 1517 quam
1026 1453 1081 1516 pro
1110 1436 1169 1499 alio
1192 1435 1283 1499 dimi·

143 1543 202 1620 cat,
238 1544 293 1603 aut
327 1556 415 1603 suam
451 1544 583 1604 mortam
618 1541 718 1604 uictus
754 1539 895 1604 inueniat
928 1544 982 1603 aut
1017 1540 1123 1603 mortis
1155 1558 1283 1603 causam

144 1645 240 1708 uictor
264 1643 415 1724 adquirat,
439 1643 512 1724 quia
535 1644 633 1707 uictor
655 1662 724 1707 esse
746 1661 807 1707 non
827 1643 951 1726 poterit,
975 1643 1002 1706 si
1022 1643 1137 1707 ell'usor
1156 1643 1284 1726 sangui·

144 1749 191 1811 uis
215 1752 288 1812 ante
312 1764 373 1810 non
397 1748 498 1810 fuerit.
539 1747 606 1811 ideo
634 1748 708 1810 dicit
731 1747 889 1811 dominus:
921 1765 991 1811 non
1014 1748 1176 1829 potestis
1200 1747 1284 1810 duo-

145 1851 210 1915 bus
231 1851 390 1915 dominis
414 1852 571 1931 seruire,
595 1852 713 1916 scilieet
732 1852 785 1915 uui
804 1852 861 1916 deo
882 1855 913 1914 et
933 1869 1140 1932 mammonae,
1161 1851 1284 1916 Christo

91 1982 116 2020 rs
144 1955 289 2019 uidelicet
312 1959 343 2019 ot
362 1955 497 2033 Caesari,
521 1974 593 2019 cum
617 1956 682 2038 ipse
704 1955 818 2021 Caesar
838 1955 955 2019 Christi
979 1975 1088 2019 seruus
1112 1975 1195 2019 nunc
1218 1959 1284 2018 stu·

143 2060 215 2124 deat
247 2079 325 2138 esse,
357 2064 392 2124 ut
421 2060 595 2141 aliquarum
625 2061 766 2143 gentium
797 2079 850 2123 rex
882 2079 950 2123 osse
982 2065 1147 2124 mereatur.
1186 2078 1284 2140 neque

144 2165 227 2228 euim
252 2164 441 2245 quicumque
469 2183 520 2227 rex
544 2167 685 2227 terrenus
709 2165 805 2228 totius
830 2164 937 2227 mundi
962 2183 1014 2227 101
1037 2169 1095 2243 cst,
1119 2162 1285 2228 001101111-

144 2272 212 2331 stus
244 2268 334 2347 deun,
367 2269 440 2349 quia
469 2269 591 2332 omnia
621 2288 684 2349 per
716 2268 837 2349 ipsum
868 2270 970 2331 l'acta
1003 2272 1104 2346 suut,
1139 2271 1175 2331 at
1206 2268 1285 2330 sine

145 2372 225 2454 ipso
254 2373 393 2436 lactum
424 2375 482 2435 eat
512 2372 620 2443 nihil;
656 2377 688 2435 01
713 2372 779 2454 ipse
807 2391 866 2435 rex
894 2391 1020 2455 regum
1052 2375 1087 2435 et
1114 2371 1285 2434 domiuus

89 2503 117 2541 w
145 2476 434 2555 dominantium,
466 2476 532 2557 ipse
558 2477 593 2539 iu
617 2477 730 2540 terris
757 2476 793 2539 iu
820 2477 911 2539 mari
935 2478 970 2539 iu
994 2475 1140 2557 abyssis
1164 2475 1285 2539 omnia

145 2598 238 2662 quae
261 2580 343 2644 uult
365 2580 465 2643 facit.

189 2683 218 2746 4.
242 2683 336 2748 Hunc
359 2684 454 2767 igitur
477 2702 655 2765 sequamur,
680 2684 752 2748 huic
775 2685 955 2762 militamus,
979 2684 1028 2747 cui
1050 2684 1171 2747 cinctus
1195 2702 1286 2745 uum-

145 2805 241 2870 quam
275 2787 459 2870 discingitur
493 2789 593 2868 miles,
628 2788 682 2870 qui
716 2788 923 2852 militantibus
954 2787 1012 2852 sibi
1041 2789 1173 2871 gloriam
1203 2787 1287 2850 uitae

250 2966 412 3036 spumat
482 2967 721 3036 laqueumque.
790 2966 972 3036 larnano.
1041 2967 1084 3036 ro]
1098 2965 1180 3036 epac.
1194 2969 1233 3028 rr,
1248 2967 1287 3020 14.

145 3053 364 3122 fflfflffld

191 3218 336 3275 41101011ι
399 3218 511 3288 diutius]
531 3219 642 3273 diuicias
660 3239 684 3275 w
747 3219 829 3288 hunc]
850 3220 878 3272 in
896 3238 919 3274 w
984 3236 1032 3274 nec
1048 3237 1072 3274 w
1133 3218 1289 3274 lmiuiater

145 3310 188 3361 est
204 3325 228 3362 w
243 3306 299 3363 001.
365 3305 471 3374 quando
489 3308 538 3374 bu,
557 3309 646 3360 autam
665 3325 688 3361 w
704 3308 759 3362 001,
831 3310 878 3359 aut
897 3307 945 3372 bw,
965 3305 1007 3358 uel
1025 3324 1049 3360 w
1064 3307 1120 3361 Col.
1191 3305 1288 3362 8hinc

144 3395 254 3463 scripti,
272 3392 344 3446 huuc
362 3393 438 3458 bow,
457 3392 501 3446 bic
523 3393 579 3448 001.
633 3393 743 3462 recipiet
760 3412 784 3447 w
805 3394 861 3448 001.
916 3393 986 3446 anim
1005 3411 1093 3448 onaw
1148 3395 1179 3447 10
1198 3396 1288 3444 10111011

145 3480 227 3536 0010
283 3481 312 3536 11
333 3481 447 3532 mortam
466 3481 576 3535 suamb
631 3482 663 3535 12
681 3479 868 3547 uictor-quia
885 3480 971 3535 anab
1027 3480 1058 3533 14
1077 3477 1179 3532 scilicet
1196 3495 1223 3545 a,
1242 3477 1288 3531 sed

146 3567 171 3633 b,
191 3565 237 3619 aed
256 3565 319 3634 quia
335 3585 359 3620 w
371 3565 426 3621 001.
482 3566 527 3618 nui
546 3566 595 3619 deo
614 3566 652 3635 at]
673 3566 719 3619 uni
738 3566 786 3619 deo
805 3566 924 3631 (domino
938 3567 1044 3633 Soccb.)
1057 3564 1226 3618 seruiendum
1240 3566 1287 3627 est,

147 3651 225 3706 facila
243 3656 309 3722 puto
327 3668 403 3721 posse
421 3653 487 3720 (csse
504 3653 571 3721 001.)
590 3652 705 3707 discerni
723 3653 765 3706 cui
784 3653 872 3722 potius
891 3652 984 3705 seruiri
1003 3653 1113 3718 (seruire
1133 3655 1165 3719 w)
1184 3650 1288 3714 debeat,

148 3739 198 3792 deo
216 3755 250 3792 an
268 3739 360 3795 wGol.
415 3743 446 3795 15
460 3739 584 3793 uidelicet
603 3744 630 3793 at
647 3758 673 3807 0,
693 3758 718 3803 u;
738 3743 766 3792 01
783 3741 807 3807 b,
827 3756 861 3792 an
878 3740 970 3794 wCol.
1024 3755 1094 3792 nunc
1111 3739 1218 3807 scripsi,
1237 3753 1290 3791 non

147 3828 197 3892 bu,
215 3844 303 3882 owaw
317 3825 371 3881 001.
428 3828 457 3881 17
477 3831 597 3879 terrenus
616 3843 660 3878 101
677 3827 732 3881 001.
786 3825 868 3879 totius
887 3824 981 3878 muudi
1000 3841 1043 3878 101
1062 3823 1160 3877 estsod
1175 3823 1290 3877 christus

149 3911 216 3967 deus
233 3913 282 3980 bw,
301 3912 384 3965 totius
401 3916 485 3966 terrae
498 3912 621 3967 domiuus
640 3917 687 3967 cst.
708 3912 830 3967 Christus
849 3915 937 3965 autem
956 3912 1039 3965 totius
1058 3911 1151 3963 mundi
1170 3926 1213 3963 101
1232 3909 1289 3977 (do-

148 3998 606 4067 11110001101001.)00100001.
689 4004 720 4055 19
739 4001 795 4069 ipso
814 4002 865 4065 bw,
888 3999 944 4067 ipsa
962 4001 1002 4050 est
1020 4016 1039 4051 w
1055 3998 1111 4052 001.
1182 3999 1215 4052 20
1234 3996 1290 4065 ipse

148 4087 197 4152 bu,
216 4089 243 4139 at
260 4103 284 4140 w
298 4085 355 4141 001.
426 4090 454 4139 01
472 4087 500 4139 iu
518 4087 585 4139 mari
608 4087 843 4154 0101001001.)
866 4086 894 4138 iu
917 4103 965 4139 ww
977 4085 1032 4140 001.
1109 4083 1204 4137 abissis
1222 4084 1291 4138 buw

149 4174 184 4229 22
202 4172 286 4241 igitur
304 4191 391 4229 onaw
461 4173 523 4226 huic
541 4191 573 4228 eor
591 4173 662 4227 huuc
680 4193 703 4229 w
765 4173 878 4241 cinctus]
899 4173 1056 4226 coniunctus
1077 4172 1133 4227 001.
1198 4171 1290 4226 2311-

150 4259 300 4328 stinguitur
317 4277 367 4315 ww
418 4256 519 4313 militat
537 4259 586 4312 sub
605 4276 635 4314 eo
653 4280 676 4316 w

205 4352 310 4396 mum.
324 4353 409 4395 Paulini
423 4353 591 4406 1101001011100.
1104 4349 1136 4396 lt
