3036 4770
314 340 317 345 ·
394 316 563 386 appendia
582 316 729 386 epistula
746 315 784 371 ad
802 316 1002 379 ceremiam,
1021 333 1042 370 a.
1055 319 1166 374 28-30.
1287 296 1350 363 457

209 511 299 568 quam
313 488 494 571 temporalem
509 499 539 555 et
552 498 668 556 branam
686 495 896 555 continentiam
916 496 1015 555 docere
1033 495 1179 564 uideatur3
1198 495 1241 553 ait
1260 496 1351 554 onim:

210 591 355 665 propter
368 590 663 651 incontinentiam
683 594 845 651 uestram.
865 592 926 650 hoc
945 594 1056 651 autam
1075 591 1150 649 dico
1167 591 1351 649 secundum

211 685 483 760 indulgentiam,
504 705 571 747 non
591 688 777 747 secundum
797 687 987 762 imperium.
1022 687 1097 745 uude
1113 687 1175 756 hoc,
1191 686 1264 759 quod
1281 685 1352 744 dixit

213 781 255 839 ad
273 783 421 856 tempus,
444 784 525 842 docet
544 783 755 842 meditationem
776 784 877 842 debore
897 781 1132 847 dumcastitatis,
1153 784 1186 840 ut
1205 798 1255 856 per
1275 783 1353 839 certa

167 891 185 932 e
214 876 368 935 interualla
388 880 546 952 temporum
569 878 652 953 quasi
675 877 830 952 exploratis
852 877 1048 938 continentiae
1070 894 1138 936 suae
1158 876 1269 935 uiribus
1288 876 1352 935 sina

214 971 339 1047 paritulo
358 973 471 1047 utrique
490 974 661 1048 promittant
679 975 753 1047 quod
776 976 812 1033 ab
831 976 953 1047 utroque
973 975 1017 1032 ast
1037 974 1209 1033 seruandum
1230 989 1351 1045 sempor.

214 1066 283 1140 quid
297 1070 390 1127 autam
407 1069 536 1128 absolute
552 1069 632 1141 uelit,
652 1068 805 1129 manifeste
825 1070 907 1128 dicit:
930 1069 1008 1128 uolo
1027 1072 1140 1128 autem
1160 1085 1275 1127 omnes
1294 1067 1351 1126 ho·

215 1162 324 1222 mines
343 1181 418 1223 esse
437 1164 530 1223 sicut
549 1183 597 1223 me
616 1165 742 1240 ipsum,
766 1165 794 1224 id
815 1164 910 1224 estin
931 1164 989 1239 iugi
1010 1182 1043 1224 ac
1063 1167 1200 1239 perpetua
1220 1162 1352 1221 castitate

215 1275 321 1319 uruere.

160 1370 189 1410 ro
259 1360 309 1416 30.
326 1355 450 1416 Videsne
465 1373 548 1430 quam
564 1359 657 1427 caute,
674 1373 757 1429 quam
773 1356 901 1431 prouido,
921 1373 1006 1429 quam
1021 1355 1086 1414 sine
1101 1356 1189 1415 ullius
1205 1355 1352 1413 occasione

215 1450 352 1523 scandali,
372 1451 509 1526 magister
528 1450 686 1510 firmauerit
704 1453 738 1511 de
758 1451 891 1510 castitate
912 1451 1096 1520 sententiam,
1117 1452 1218 1511 uolens
1238 1453 1351 1509 tautum

214 1548 318 1605 bonnm
340 1546 371 1605 iu
390 1547 478 1606 unius
500 1547 661 1607 temeritate
685 1550 797 1617 nutare,
821 1548 894 1621 quod
918 1547 1007 1622 ligare
1029 1550 1059 1607 et
1080 1546 1248 1606 confirmare
1270 1548 1353 1605 debet

214 1658 372 1701 cousensus
394 1645 559 1702 amborum?
583 1645 612 1700 at
635 1660 734 1702 reuera
758 1642 825 1717 quid
849 1660 882 1701 aa
901 1642 1034 1702 castitate
1054 1641 1164 1701 firmius
1185 1644 1230 1701 est
1249 1641 1351 1715 quidue

214 1736 306 1796 tutius
329 1754 413 1811 quam
437 1755 509 1811 quae
534 1756 568 1796 ex
592 1740 709 1797 duorum
737 1742 837 1812 coepta
864 1738 1011 1797 sententia
1038 1741 1073 1796 ab
1102 1741 1222 1812 utroque
1248 1737 1294 1796 uel
1321 1737 1351 1794 in

160 1847 188 1887 m
214 1848 360 1892 commune
380 1835 531 1893 seruatur?
553 1851 606 1892 neo
626 1835 659 1892 de
679 1851 710 1893 se
730 1837 843 1893 tantum
865 1833 957 1893 altera
975 1851 1042 1908 pars
1063 1833 1185 1893 sollicita
1204 1835 1301 1892 mutuo
1322 1850 1352 1891 se

214 1929 248 1986 ad
267 1926 386 1987 uirtutis
404 1927 513 1987 animet
531 1929 790 2003 perseuerantiam
811 1930 863 1989 hoe
882 1928 958 1988 euim
979 1929 1054 1988 sieut
1072 1928 1129 1987 alia
1148 1945 1259 2002 quoque
1279 1931 1353 1986 bona

214 2039 270 2082 non
286 2025 399 2082 tantum
414 2023 540 2098 coepisse
556 2026 605 2083 sed
621 2024 775 2099 perfecisse
790 2025 963 2085 laudandum
983 2026 1035 2082 ast.
1064 2024 1236 2094 iamdudum,
1258 2023 1351 2082 utin·

213 2118 336 2193 tellogis,
355 2119 504 2193 scopuloso
524 2118 689 2194 difficilique
710 2120 741 2179 in
762 2120 821 2180 loco
841 2122 974 2178 uersatur
989 2119 1079 2178 oratio
1095 2137 1148 2177 nec
1162 2120 1248 2177 audet
1263 2119 1293 2177 in
1309 2119 1351 2177 al-

212 2214 349 2272 terutram
365 2214 506 2274 declinare
522 2218 642 2289 partem,
663 2217 728 2274 dum
744 2215 901 2289 aequaliter
916 2218 1069 2287 utrumque
1084 2213 1232 2284 formidat;
1253 2216 1301 2273 sed
1318 2232 1352 2273 ex

160 2327 187 2368 aa
213 2311 312 2368 nostra
327 2308 495 2369 difficultate
510 2313 591 2369 tuum
610 2328 733 2386 agnosce
752 2311 919 2378 discrimem
940 2309 1091 2368 maluimus
1107 2309 1183 2367 euim
1199 2313 1227 2367 te
1243 2308 1352 2369 creatri-

213 2407 289 2464 stare
303 2403 428 2464 forsitan
444 2424 512 2464 uera
527 2406 644 2465 dicendo
660 2424 744 2480 quam
761 2405 827 2464 ficta
841 2405 1004 2464 adulatione
1020 2405 1158 2478 decipere.
1189 2404 1301 2478 duplex,
1318 2406 1352 2463 ut

214 2499 302 2572 uides,
322 2502 427 2559 malum
446 2503 563 2575 aequale
580 2505 608 2561 et
623 2520 728 2577 anceps
745 2502 901 2577 periculum
918 2504 976 2569 est;
997 2519 1031 2559 en
1047 2503 1167 2574 utroque
1182 2499 1297 2568 artariS,
1317 2518 1351 2558 ex

212 2597 332 2670 utroque
341 2597 558 2673 constringaris.
572 2601 753 2657 contemnere
765 2597 881 2657 omnino
894 2597 987 2655 uirum
999 2598 1085 2669 atquo
1097 2595 1242 2669 despicere
1253 2596 1350 2668 aperte

212 2693 312 2751 contra
325 2692 447 2767 apostoli
464 2693 637 2753 seutentiam
654 2696 708 2752 ast.
730 2694 846 2768 perdere
863 2709 929 2751 uero
945 2691 1021 2749 tanti
1037 2690 1173 2765 temporis
1188 2689 1351 2749 castitatem

159 2807 185 2848 so
212 2788 241 2845 et
255 2788 306 2846 deo
321 2805 379 2847 uon
396 2789 511 2847 reddere
531 2791 604 2863 quod
620 2789 790 2863 promiseras
810 2788 967 2847 timendum
988 2789 1073 2860 atqua
1093 2787 1276 2845 metuendum
1295 2787 1350 2856 est,

213 2885 246 2939 ut
264 2881 351 2957 uulgo
371 2883 488 2943 dicitur:
512 2884 595 2943 facile
615 2904 648 2943 ex
668 2885 757 2944 amico
778 2883 924 2943 inimicum
944 2883 1041 2953 faciae,
1064 2882 1110 2941 aui
1131 2881 1272 2957 promissa
1291 2898 1351 2940 nou

212 2977 322 3037 reddas.
353 2979 395 3038 sic
411 2979 486 3038 enim
504 2980 647 3054 scriptura
666 2980 747 3038 dicit:
769 2981 854 3053 qued
876 2980 904 3037 si
926 2981 1041 3037 uotum
1058 2978 1196 3038 uoueris
1217 2977 1350 3035 domino

212 3073 285 3143 deo,
305 3092 346 3133 ne
366 3075 509 3134 moreris
529 3076 670 3133 reddere
692 3075 791 3144 illud,
815 3075 896 3148 quia
915 3092 1086 3148 quaerens
1106 3073 1244 3147 quaerit
1263 3072 1351 3131 illud

316 3286 344 3354 2]
363 3285 376 3339 Ι
396 3286 455 3341 Cor.
469 3289 493 3350 7,
506 3289 581 3341 5-7.
635 3287 680 3355 27]
701 3287 779 3340 Deut.
792 3288 834 3350 23,
847 3289 893 3349 21;
912 3286 998 3340 lloclo.
1012 3291 1037 3350 5,
1050 3290 1074 3342 3.

257 3494 328 3562 let]
347 3494 478 3551 aoRoew.
534 3494 605 3548 euim
623 3506 710 3562 arao
763 3494 868 3563 2dico]
887 3493 946 3547 dico
964 3510 1017 3547 non
1035 3512 1054 3548 a
1106 3493 1198 3548 tfieri
1217 3493 1353 3559 (iuberem

212 3583 229 3634 o
247 3579 409 3649 promittuut
426 3599 445 3634 a
498 3583 539 3635 ast
556 3587 579 3634 et
598 3597 701 3650 semper
713 3599 763 3635 ona
778 3599 797 3635 a
849 3597 953 3648 semper
969 3587 1009 3634 ast
1021 3579 1054 3633 ab
1067 3584 1178 3647 utroque
1191 3578 1350 3632 seruandum

212 3667 299 3722 Rosea.
354 3668 471 3720 laertem
484 3677 608 3734 aomo
661 3666 764 3735 omnes]
778 3683 825 3719 uos
839 3683 961 3720 omnesu
1013 3666 1230 3721 hominemne
1281 3665 1350 3720 dui-

212 3769 272 3805 uere
285 3770 335 3807 oar.
350 3763 372 3819 ψ
428 3752 614 3821 reserantia]
628 3752 844 3806 scrrtentiaestu
897 3752 1006 3819 uelato,
1020 3751 1192 3806 uelutIlosro.
1247 3754 1277 3806 15
1291 3767 1351 3819 pars

212 3838 336 3906 alterw
390 3839 770 3907 loani11retu,a1n1110uecp
825 3842 856 3894 18
874 3838 957 3890 oratio
976 3856 1027 3893 om.
1045 3856 1065 3891 a
1120 3840 1151 3893 19
1170 3836 1352 3890 declinasses

210 3926 244 3979 20
262 3924 403 3978 mallemus
422 3944 440 3979 a
494 3925 653 3978 contristare
672 3931 740 3992 terp
791 3925 1079 3992 21uoraltuaueraa
1133 3923 1250 3992 decipere
1269 3941 1318 3977 aare.
1332 3941 1352 3976 a

210 4034 359 4104 laudarem
421 4040 454 4092 24
471 4004 582 4122 βὲῐάογο
606 4039 776 4105 (runem,
794 4037 940 4106 prodererp
992 4036 1091 4104 uirorp
1143 4039 1259 4101 2dexa,
1278 4035 1309 4087 de
1329 4046 1351 4102 ψ

210 4165 333 4234 faciasne
384 4168 418 4222 27
438 4134 531 4234 reddes
549 4185 568 4221 a
587 4171 610 4231 (⁸
625 4172 699 4236 Μ)
755 4167 792 4220 sic
811 4168 909 4235 Roew„
928 4165 996 4219 sicut
1014 4177 1061 4234 ιιψ
1122 4168 1155 4222 28
1174 4182 1205 4218 uo
1223 4175 1278 4233 ap,
1297 4181 1349 4219 uon

210 4253 298 4307 Raeto.
