3036 4770
231 302 295 366 344
567 319 592 371 S.
606 317 740 372 Paulini
758 317 878 371 Nolani
897 317 1047 386 episcopi

123 568 129 585 .
232 495 467 558 exhibuimus
491 494 656 559 membra
679 497 808 558 nostra
830 493 972 558 seruire
991 493 1184 575 iniquitati
1208 493 1248 556 ad
1266 493 1386 557 interi-

232 603 300 664 tum
321 603 352 664 et
371 600 596 679 confusionem,
621 600 673 663 sic
696 599 822 662 eadem
844 597 1084 662 exhibeamus
1105 598 1248 662 seruire
1267 599 1384 673 insti-

232 704 306 768 tiae
337 702 377 767 ad
403 703 502 767 uitam
531 709 562 767 ot
584 704 726 786 gloriam.
764 702 927 767 nobiscum
955 703 1039 766 enim
1060 702 1214 767 habemus
1237 702 1383 767 fructum

231 809 354 875 illorum
378 826 518 891 opemm‚
542 809 579 871 de
603 808 716 890 quibus
740 826 824 872 nuno
847 806 1070 871 erubescimus.

274 912 304 978 5.
329 912 389 978 Sed
408 913 526 996 gratias
548 914 717 996 sapientiae
738 913 797 993 dei,
818 912 942 977 Christo
963 911 1030 991 deo,
1054 912 1106 994 qui
1128 912 1162 976 in
1185 930 1218 975 se
1240 930 1381 976 manens
1426 942 1440 980 s

232 1019 338 1083 omnia
364 1019 495 1082 innonat
523 1022 554 1081 et
581 1017 746 1101 disponit
776 1018 899 1081 omnia
926 1018 1109 1096 suauiter,
1138 1020 1174 1080 nt
1199 1017 1240 1080 sit
1261 1017 1382 1080 rebus

232 1122 403 1187 omnibus
434 1125 596 1203 tempus,
628 1125 775 1204 tempus
800 1121 1008 1201 occidendi,
1035 1125 1182 1203 tempus
1205 1121 1380 1202 sanandi,

233 1229 379 1308 tompus
401 1225 548 1290 ridendi
568 1230 603 1290 et
618 1230 765 1308 tempus
780 1226 967 1307 plorandi,
983 1229 1129 1306 tompus
1145 1224 1382 1290 aedificandi

233 1334 268 1394 et
295 1335 441 1411 tempus
469 1329 698 1394 destruendi.
736 1330 858 1410 abierit,
889 1346 1015 1412 quaeso,
1045 1330 1109 1392 iam
1135 1328 1224 1393 nobis
1248 1333 1380 1413 tompus

232 1434 390 1498 occidendi
420 1433 601 1497 destruendi
634 1433 765 1513 ridendi,
800 1437 832 1498 et
865 1433 993 1498 tandem
1027 1432 1158 1497 sanandi
1191 1431 1381 1499 aedificandi
1412 1463 1438 1501 ιο

232 1538 373 1622 plorandi
403 1541 529 1619 tempus
560 1537 730 1601 aduenerit.
773 1556 857 1602 ecce
888 1538 984 1602 enim
1015 1555 1111 1602 nuno
1141 1541 1288 1619 tempus
1320 1556 1381 1601 ac·

233 1645 394 1724 ceptum,
426 1659 508 1704 ecco
537 1660 633 1705 nuno
660 1643 738 1705 dies
766 1642 911 1706 salutis.
950 1660 1018 1705 nox
1042 1642 1263 1724 praecessit,
1296 1641 1379 1707 dies

233 1749 357 1810 autem
388 1745 712 1827 adpropinquauit.
752 1745 957 1810 abiciamus
992 1764 1103 1828 opera
1134 1745 1379 1810 tenebrarum

233 1853 269 1913 et
292 1849 614 1932 adprehendamus
639 1867 740 1914 arma
762 1851 866 1915 lucis.
892 1854 931 1914 ut
950 1850 1025 1914 filii
1044 1850 1118 1913 diei
1140 1849 1379 1916 ambulemus

232 1955 269 2019 in
289 1953 444 2034 lumine,
468 1955 641 2035 quoniam
662 1973 745 2018 eece
763 1955 879 2019 inimici
895 1955 993 2019 nostri
1012 1958 1241 2036 parauerunt
1260 1956 1380 2038 sagit-
1410 1984 1436 2024 rs

233 2059 349 2122 tasin
372 2058 562 2140 pharetra,
586 2062 625 2122 ut
648 2059 834 2142 sagittent
856 2060 892 2122 in
916 2058 1083 2123 obscuro.
1110 2077 1211 2140 neque
1235 2059 1379 2125 enimin

233 2162 302 2226 luce
333 2163 450 2245 positos
480 2166 628 2245 poterunt
658 2163 817 2246 sagittare,
848 2167 1018 2244 antequam
1047 2163 1161 2227 feriant
1191 2163 1379 2246 prouidendi

233 2270 265 2331 et
286 2267 548 2350 praecauentibns
571 2268 661 2331 facile
690 2267 818 2331 uitandi.
856 2272 960 2351 potest
987 2271 1090 2332 autem
1117 2269 1151 2332 in
1175 2267 1284 2332 eodem
1307 2269 1379 2351 ipso

233 2391 324 2455 opere
348 2375 551 2453 utrorumque
574 2375 750 2454 temporum
773 2373 852 2437 ratio
875 2373 1004 2447 conecti,
1031 2373 1142 2437 utilia
1164 2372 1305 2456 superius
1329 2373 1378 2437 di·

234 2476 347 2541 stincta
377 2479 518 2558 tempora
547 2476 663 2558 pariter
697 2481 864 2559 operentur
894 2477 927 2539 in
957 2476 1056 2541 nobis.
1095 2495 1169 2540 uam
1197 2476 1287 2540 etin
1315 2496 1378 2559 quo
1408 2505 1435 2544 so

233 2579 430 2644 uiuidoamur
460 2579 638 2660 occidimur,
669 2580 720 2644 uel
751 2581 783 2644 in
811 2599 870 2662 quo
902 2581 1070 2645 occidimur
1096 2579 1293 2644 uiuificamur
1319 2601 1379 2664 per

234 2704 305 2749 eum
330 2685 382 2767 qui
405 2684 495 2748 dixit:
527 2702 593 2767 ego
621 2684 785 2748 occidam
815 2688 850 2749 et
872 2685 1001 2750 uiuere
1024 2685 1166 2749 faciam.
1205 2684 1267 2749 nisi
1289 2686 1379 2749 enim

233 2807 289 2853 nos
321 2787 463 2854 Christus
496 2788 652 2868 occiderit,
686 2808 748 2853 non
778 2789 936 2863 uiuamus;
972 2789 1009 2853 de
1039 2808 1099 2871 quo
1129 2789 1280 2871 scriptum
1312 2793 1377 2854 est:

233 2893 405 2957 dominus
430 2893 639 2958 mortificat
661 2896 698 2957 et
720 2893 909 2973 uiuificat,
942 2895 1014 2975 quia
1037 2894 1096 2958 nisi
1118 2897 1246 2976 peccata
1268 2896 1380 2959 nostra

233 2997 409 3078 peremerit,
425 3015 488 3060 non
503 2996 677 3061 uiuificabit
692 2998 822 3061 animas.
853 2997 921 3061 ideo
937 2998 982 3062 illi
997 2998 1149 3081 propheta
1164 2997 1251 3062 dicit:
1273 3016 1379 3062 exnr-
1407 3028 1434 3067 se

233 3099 325 3180 rexi,
356 3103 392 3163 et
422 3101 541 3164 adhue
572 3105 695 3166 tecum
726 3120 815 3166 sum.
855 3103 885 3166 si
916 3101 1062 3166 occidas
1090 3102 1178 3167 deus
1206 3107 1379 3187 peccato-

233 3223 318 3268 rem.
358 3223 542 3288 exurgemus
570 3210 766 3290 emergentes
795 3206 832 3270 de
858 3207 924 3270 luto
948 3206 1044 3270 faecis
1071 3209 1103 3271 et
1129 3206 1242 3271 umbra
1262 3208 1377 3272 mortis

340 3428 367 3497 1]
386 3429 461 3482 Rom.
481 3432 504 3492 6,
524 3433 562 3485 19.
635 3429 662 3499 6]
682 3430 742 3499 Sap.
760 3433 784 3494 8,
803 3433 826 3485 l.
906 3430 976 3484 Eccl.
995 3433 1019 3495 3,
1035 3433 1073 3485 17.
1147 3431 1174 3500 7]
1193 3429 1228 3484 ib.
1242 3431 1376 3494 caeto.

235 3516 280 3585 11]
299 3516 328 3570 ΙΙ
346 3516 406 3571 Cor.
421 3519 445 3581 6,
459 3519 482 3571 2.
548 3517 591 3585 12]
611 3517 686 3570 Rom.
703 3520 798 3581 13,12.
863 3517 907 3586 14]
926 3517 969 3570 Ps.
985 3521 1025 3582 10,
1038 3520 1062 3572 3.
1120 3517 1376 3586 numentanam

233 3603 279 3671 24]
298 3603 312 3657 Ι
331 3604 395 3671 Reg.
410 3607 434 3668 2,
447 3606 471 3659 6.
529 3604 576 3673 25]
596 3605 638 3658 Ps.
655 3607 821 3668 raalaio.

279 3802 453 3871 liniquitati
476 3822 527 3859 om.
540 3806 577 3869 βλ
643 3804 800 3859 3fructum
823 3803 951 3858 habemus
974 3805 1076 3872 11er
1140 3804 1275 3873 5grutiae
1293 3806 1381 3862 FPU

237 3888 345 3943 domino
371 3891 409 3954 βλ
475 3891 552 3960 bet]
575 3907 605 3944 ac
628 3892 713 3948 FPU
774 3892 852 3945 rebus
875 3891 999 3946 omuibus
1021 3892 1124 3959 FPUx
1194 3890 1377 3947 ‘ioooidendi

234 4004 261 4055 et
278 4003 315 4057 M
375 4002 529 4058 9strueudi
543 4003 581 4070 χι
640 4006 672 4059 10
691 4006 815 4057 tament
874 4006 905 4059 13
923 3970 1149 4073 appropinquabit
1166 4005 1203 4060 Μ
1257 4006 1289 4058 14
1308 4003 1375 4074 diei]

235 4087 277 4142 die
295 4089 334 4157 r¹,
354 4088 395 4143 dei
414 4091 524 4146 FMUo
578 4094 610 4146 15
629 4091 735 4158 quando
753 4091 812 4148 FU
867 4095 898 4147 17
917 4090 1090 4160 praecidendi
1109 4091 1198 4146 Rosw.
1255 4092 1288 4145 22
1307 4089 1376 4145 dicit

233 4175 317 4232 FPU
366 4176 404 4246 et]
417 4180 444 4231 et
456 4193 504 4245 ego
517 4178 603 4233 FPU
652 4180 686 4233 23
703 4178 791 4232 innos
805 4179 888 4235 FPU
937 4181 971 4234 25
983 4178 1121 4247 perimerit
1133 4177 1218 4234 FPU
1266 4179 1301 4233 26
1313 4194 1375 4232 sum

234 4265 322 4315 tecum
339 4264 377 4326 βλ
430 4266 462 4319 22
481 4267 647 4332 emergentes
666 4266 735 4320 coci.
749 4266 851 4333 Sassia,
870 4265 941 4319 onim
959 4268 1052 4334 gentes
1071 4283 1091 4316 ω
