3036 4770
161 329 226 393 244
496 346 521 399 S.
534 346 668 399 Paulini
686 344 807 399 Nolani
824 347 969 415 episcopi

162 521 249 585 datos
280 521 453 604 suscipiens
481 520 595 585 blando
622 520 743 585 lambet
773 521 909 600 adtactu,
940 525 975 584 ut
1001 521 1159 601 possimus
1187 520 1303 582 dicere:

161 625 404 689 transiuimus
431 625 644 708 perignem
672 628 708 689 et
735 643 882 706 aquam,
914 628 949 688 et
971 624 1154 688 induxisti
1177 641 1242 687 nos
1267 624 1303 686 in

160 730 411 813 refrigerium.

204 833 234 898 3.
258 832 317 898 Sed
340 840 376 897 nt
398 833 506 898 ecdem
530 835 655 896 nomine
679 852 739 915 quc
764 834 909 896 inchoata
932 837 980 896 est
1003 832 1134 914 epistola
1156 832 1305 895 termine·

161 941 225 1018 tur,
260 938 297 1001 ad
325 938 482 1001 Victorem
513 941 656 1001 nostrum
686 956 859 1018 recurram,
894 955 948 1019 pro
979 955 1039 1018 quc
1070 936 1303 1000 exeusationem
1347 968 1360 1003 r

160 1042 267 1106 debeo.
314 1042 396 1124 quod
427 1042 464 1105 ad
496 1046 526 1104 te
558 1042 677 1105 tardius
707 1047 797 1122 pacto
828 1042 918 1121 redit,
949 1060 988 1104 ne
1017 1041 1142 1123 inputes
1169 1040 1303 1122 pedibus

160 1147 236 1226 eine,
267 1147 318 1228 qui
346 1164 408 1210 non
431 1146 573 1229 pigritiae
600 1146 675 1210 uitio
703 1146 756 1209 sed
780 1145 992 1210 oboedientiae
1016 1145 1117 1209 studio
1140 1144 1222 1227 apud
1247 1162 1303 1208 nos

160 1252 276 1316 diutius
304 1252 495 1316 restiterunt.
533 1256 645 1332 reputa
670 1256 775 1315 tamen
804 1255 938 1334 tempus,
969 1268 1031 1314 non
1053 1267 1114 1332 quo
1138 1249 1303 1312 dimissum

160 1374 232 1419 cum
255 1357 410 1436 indicasti,
433 1357 487 1420 sed
512 1374 573 1437 qno
596 1356 720 1436 misisti,
748 1360 780 1420 et
802 1355 922 1419 uidebis
946 1356 983 1418 de
1006 1355 1121 1437 ploeila
1142 1355 1223 1418 inter
1246 1372 1303 1417 nos

158 1460 313 1524 retinendi
336 1460 470 1525 Victoris
494 1461 709 1524 uicissitudine
733 1464 815 1524 stare
840 1460 992 1523 rationem
1016 1459 1103 1523 mihi.
1133 1460 1301 1522 nonenim
1334 1489 1361 1527 ro

159 1564 199 1626 ad
226 1564 362 1627 hiemem
391 1565 472 1646 apud
501 1584 567 1645 noe,
599 1569 634 1628 nt
663 1567 844 1648 scripseras,
880 1565 1064 1647 erigendam
1095 1564 1205 1643 adluit,
1236 1563 1303 1642 sed,

159 1671 195 1731 nt
217 1669 365 1749 adseruit,
396 1670 433 1731 dc
456 1669 663 1749 Narbonensi,
694 1669 747 1732 urbi
772 1669 861 1732 fratri
885 1669 1088 1733 Postumianc
1116 1673 1302 1747 occurrerat,

160 1774 309 1837 remissus
337 1775 376 1836 ad
400 1777 441 1854 te,
472 1778 547 1837 tunc
575 1779 647 1837 ate
674 1775 786 1838 iterum
810 1773 969 1857 profectus
997 1778 1055 1852 est,
1086 1791 1158 1835 cum
1185 1772 1223 1836 ad
1251 1783 1303 1835 ine

160 1877 293 1941 directus
316 1879 477 1960 peruenire
498 1879 660 1960 potuisset.
685 1879 746 1941 iam
770 1878 864 1961 igitur·
883 1879 985 1941 hieme
1006 1878 1174 1941 decedente
1197 1895 1304 1940 snsce-

159 1986 249 2065 ptnnr
278 2001 403 2046 necesse
431 1982 526 2046 habui
554 1984 658 2046 nemis
686 1982 846 2046 mensibus
874 1984 1021 2063 detinere,
1053 1985 1085 2045 et
1110 1982 1184 2063 quia
1205 1981 1302 2044 breue
1334 2011 1360 2048 rs

160 2087 296 2168 spatium
327 2087 500 2166 uidebatur,
532 2088 633 2169 quoad
663 2088 731 2151 ilico
767 2087 961 2151 sollemnitas
989 2086 1144 2168 paschalis
1176 2086 1302 2149 conclu-

159 2190 256 2270 deret,
286 2210 357 2255 cum
386 2195 417 2255 et
442 2191 676 2255 infirmissimus
700 2211 754 2273 per·
781 2193 863 2254 idem
887 2196 1011 2273 tempus
1034 2191 1175 2269 fuissem,
1206 2194 1241 2253 ut
1263 2191 1302 2253 ad

158 2295 348 2359 rescribendi
371 2296 529 2379 negotium
559 2314 620 2359 non
648 2298 797 2376 ualerem,
828 2296 956 2378 adposui
980 2295 1016 2358 de
1040 2295 1149 2358 diebus
1173 2293 1301 2358 aestiuis

159 2417 262 2463 moras
286 2401 363 2480 eius,
395 2405 430 2464 ut
453 2418 677 2482 conpensarem
701 2405 815 2479 tecum,
840 2401 865 2462 si
889 2403 1013 2463 tentum
1037 2399 1068 2462 in
1092 2417 1128 2463 ec
1151 2399 1197 2461 tui
1221 2401 1303 2461 tem·

159 2504 242 2586 poris
266 2522 459 2585 usurparem,
483 2509 635 2585 qnantum
658 2507 692 2568 tn
715 2505 747 2568 in
771 2505 879 2568 ecdem
902 2520 1110 2584 occupaueras
1134 2502 1172 2566 de
1191 2501 1301 2565 diebus
1331 2530 1359 2568 ro

159 2607 307 2672 hibernis,
338 2608 420 2672 unde
447 2608 626 2688 concedam,
655 2609 681 2671 si
707 2613 856 2671 autumno
883 2607 1061 2689 peruenerit
1083 2607 1122 2670 ad
1145 2606 1302 2669 unanimi-

158 2715 259 2780 tatem
287 2716 384 2791 tuam,
416 2716 451 2775 ut
478 2712 614 2775 hiemem
641 2731 749 2776 rursus
777 2712 926 2795 inpendat
953 2711 1019 2790 tibi,
1051 2712 1124 2792 quia
1146 2711 1234 2773 uides
1257 2711 1303 2774 ita

158 2816 271 2900 placito
305 2816 422 2880 domini
455 2821 666 2898 procuratum,
700 2821 736 2880 nt
765 2819 907 2898 tempora
939 2815 1113 2878 communis
1149 2814 1301 2893 unanimi,

159 2938 238 3001 quae
270 2919 359 2984 nobis
390 2925 501 2984 mutua
527 2938 733 3000 cesseramus,
764 2922 853 2985 salua
879 2920 940 2983 fide
962 2920 1046 3002 pacti
1073 2919 1184 2982 maiori
1211 2919 1301 2982 istius

158 3024 321 3088 commodo
357 3027 566 3098 mutarentur;
601 3043 684 3087 nuno
718 3025 801 3087 enirn
836 3027 908 3106 apte
946 3041 1133 3087 conuersum
1172 3025 1232 3101 est,
1266 3026 1303 3085 ut
1329 3047 1355 3087 es

159 3128 264 3192 uerius
292 3128 381 3192 fieret
411 3129 492 3211 quod
520 3133 628 3192 contra
655 3129 803 3192 meritum
827 3129 992 3211 indulgens
1016 3127 1092 3190 mihi
1115 3132 1146 3190 et
1167 3126 1226 3190 tibi
1248 3128 1302 3190 de-

159 3233 287 3296 trahens
322 3232 500 3315 scripseras.
546 3236 581 3295 tu
616 3233 700 3296 enim
736 3252 808 3296 uere
844 3233 955 3313 spiritu
985 3232 1110 3295 feruens
1145 3231 1301 3296 salubrius

263 3404 292 3474 a]
311 3404 356 3460 rs.
370 3407 411 3468 cs,
426 3407 466 3460 ra.

205 3549 361 3605 ladtractu
384 3553 414 3620 0,
434 3553 575 3608 actatuU
635 3553 713 3622 lut]
733 3556 760 3605 ct
777 3551 862 3608 FPU
936 3552 1050 3622 epistole
1067 3556 1108 3607 est
1125 3552 1156 3607 F
1222 3556 1300 3608 δεῖ·

160 3638 324 3692 cusationem
344 3642 463 3692 nostram
481 3639 547 3693 Lm
613 3638 755 3694 ‘ldiutius
774 3638 844 3707 apud
863 3654 911 3692 nos
930 3640 1015 3696 FPU
1083 3643 1115 3696 10
1133 3639 1300 3693 uicissitutu·

159 3723 220 3777 dine
239 3724 269 3779 F
318 3724 384 3778 milri
403 3744 454 3781 om.
473 3726 504 3780 F
555 3729 584 3781 11
605 3724 658 3792 had
677 3726 829 3781 hicmenO
881 3725 952 3795 apud
972 3743 1020 3781 nos
1038 3746 1088 3784 om.
1108 3726 1138 3781 F
1189 3728 1220 3782 12
1239 3742 1299 3779 unr-

158 3809 270 3865 bonensi
287 3815 367 3880 portu
380 3813 417 3867 M
465 3813 635 3881 postumiano
647 3814 716 3881 LM,
735 3813 869 3880 postumio
882 3814 917 3882 F,
935 3814 1088 3882 postumino
1104 3812 1208 3882 0P²U,
1226 3817 1299 3882 post-

158 3897 345 3954 humincP¹c
400 3901 433 3954 13
446 3898 598 3969 ad]aLM
646 3899 798 3969 a]adLM
849 3902 881 3955 14
894 3900 1021 3955 directius
1033 3901 1118 3957 FPU
1168 3903 1200 3956 16
1212 3900 1299 3968 quoad

161 3984 192 4053 0,
211 3985 282 4054 quod
300 3992 375 4042 ceto
427 3985 499 4040 illico
518 4004 551 4042 ex
568 3984 681 4054 illiquod
700 3985 742 4040 P’
794 3985 950 4056 solldpnites
969 3988 1028 4042 Mo
1083 3990 1113 4042 17
1133 3987 1206 4057 cunr]
1230 4004 1299 4052 enm,

159 4087 220 4125 cum
237 4076 302 4142 fort.
385 4071 517 4129 idFPU
597 4074 629 4128 18
647 4072 680 4127 de
698 4091 748 4129 om.
763 4073 828 4128 LM
903 4078 936 4131 19
954 4074 1304 4142 tuieafuiRomAEM

159 4160 193 4217 20
211 4158 243 4214 do
261 4179 313 4217 om.
326 4160 392 4215 ΒΜ
440 4162 473 4217 21
492 4158 706 4217 conoechPU
754 4161 943 4230 241naioriF,
961 4160 1070 4216 moicris
1081 4168 1128 4218 ort.
1181 4162 1298 4217 accom-

159 4288 237 4343 modo
255 4291 353 4361 Rom,
370 4289 537 4347 commodo*
748 4306 764 4336 ι
779 4290 952 4347 lummene
966 4295 1032 4365 sort
1102 4291 1136 4347 nt
1151 4237 1249 4347 {ruffus
1265 4293 1304 4348 Μ
