3036 4770
411 324 581 392 appendix.
601 323 745 391 epistula
764 324 801 377 ud
820 322 1020 385 Celaucionr,
1039 339 1061 377 c.
1075 325 1167 379 7-11.
1295 305 1361 370 443

219 504 354 563 dehemus
373 520 391 561 a
411 503 505 571 uitiis;
528 502 586 576 qui
609 502 697 562 eninr
722 505 805 561 eunt
824 501 957 561 Christi
980 519 1116 561 carnem
1136 519 1230 561 sunm
1250 503 1360 562 crnci-

219 598 378 658 iixernnt
397 617 469 658 cum
490 598 593 656 uitiis
613 600 647 657 et
666 598 977 672 concupiscentiis,
1006 615 1058 657 nec
1073 600 1186 657 turham
1202 601 1361 673 sequentur

220 697 363 754 errantem
379 695 429 769 qui
445 712 476 754 se
491 694 624 753 ueritatis
640 694 794 768 discipulos
810 693 992 753 confitentur..

267 795 315 850 10.
336 790 415 849 Duae
431 793 507 849 certe
524 790 752 849 conuersationis
768 791 831 848 uias
852 792 880 848 et
895 789 1033 849 distincto
1049 789 1079 847 in
1095 789 1238 849 diuersum
1254 789 1359 849 itinera

174 906 189 945 e
220 885 337 945 uiuendi
354 886 385 944 in
401 885 550 960 euangelio
567 885 693 944 saturator
709 887 848 945 ostendit:
870 903 981 960 qnam,
1003 885 1107 959 inquit,
1128 886 1284 960 spatiosa
1302 885 1360 944 nie

219 999 305 1056 qnae
321 982 415 1040 ducit
430 984 469 1041 ed
486 985 640 1053 mortem,
656 985 689 1039 et
707 981 809 1040 multi
830 985 913 1040 sunt
928 982 984 1055 qui
1002 981 1141 1040 intrant
1155 999 1215 1056 per
1229 1000 1313 1052 eam,
1330 984 1359 1040 et

219 1095 348 1136 rursum:
371 1095 468 1151 quam
492 1079 568 1135 arte
591 1077 647 1136 uia
668 1095 754 1151 quine
777 1078 873 1136 ducit
895 1079 933 1135 ad
957 1077 1078 1147 uitam,
1102 1081 1135 1135 et
1156 1077 1256 1151 pauci
1276 1080 1360 1136 sunt

219 1173 278 1247 qni
298 1172 487 1233 inueniunt
507 1190 586 1232 eam.
611 1173 676 1232 uide
692 1175 801 1246 quante
816 1172 893 1232 inter
908 1173 960 1231 has
975 1173 1038 1231 nias
1054 1173 1197 1247 separatio
1213 1174 1252 1232 sit
1266 1191 1359 1247 qnan-

219 1271 336 1342 tumquc
352 1269 513 1328 discrimen.
545 1268 644 1327 illaad
661 1269 760 1339 uitam,
777 1269 846 1328 haec
861 1269 955 1327 tendit
970 1270 1003 1326 od
1020 1272 1152 1338 mortem;
1170 1267 1220 1327 illa
1235 1269 1359 1327 celebre·

161 1388 190 1425 1⁰
219 1367 269 1424 tur
279 1369 308 1425 et
322 1365 427 1424 teritm·
441 1383 459 1423 e
474 1364 583 1434 multis
600 1365 669 1423 haec
685 1365 733 1423 uix
749 1364 898 1423 inuenitur
910 1382 927 1422 n
939 1365 1052 1438 paucis;
1069 1364 1119 1423 illa
1129 1364 1205 1423 enim
1217 1363 1298 1422 uitiis
1309 1381 1360 1438 per

218 1460 454 1520 consuetudinem
474 1460 556 1534 quasi
578 1459 712 1519 decliuior
732 1477 764 1518 ac
784 1459 894 1519 mollior
909 1463 938 1518 et
957 1460 1037 1519 uelut
1056 1460 1224 1534 quibusdam
1241 1477 1360 1519 amoena

218 1557 336 1617 llorihns
352 1557 531 1631 uoluptatum
547 1555 630 1615 facile
645 1557 723 1615 adse
739 1556 816 1630 repit
831 1559 1033 1615 commeantem
1050 1555 1276 1625 multitudinem
1292 1556 1361 1614 haec

219 1669 287 1712 uero
306 1654 419 1711 insueto
435 1652 505 1710 calle
525 1651 664 1710 uirtutum
685 1651 796 1711 tristior
811 1655 896 1724 atque
911 1652 1051 1711 horridior
1066 1655 1102 1710 eh
1117 1651 1162 1710 his
1179 1652 1292 1710 tantum
1309 1650 1360 1709 eli·

218 1747 307 1822 gitur,
323 1747 427 1822 quihus
447 1765 506 1807 non
526 1750 584 1806 tam
601 1747 750 1806 delectatio
767 1747 881 1806 itineris
900 1746 976 1806 cordi
992 1751 1037 1806 est
1052 1764 1135 1821 qnam
1151 1747 1262 1806 utilitas
1278 1764 1360 1805 mnn-

161 1863 192 1903 15
221 1843 321 1903 sionis.
353 1861 483 1917 asperam
503 1843 579 1902 enim
599 1843 682 1901 nobie
703 1846 731 1901 et
751 1843 899 1901 insuauem
915 1843 1056 1901 uirtutum
1071 1843 1148 1901 niam
1164 1842 1252 1901 nimia
1267 1841 1362 1901 effecit

221 1940 396 1998 cousuetudo
416 1938 561 2010 uitiorum,
582 1956 653 2011 quae
675 1939 698 1996 si
720 1939 751 1997 in
771 1941 881 2012 partem
901 1939 1019 1998 alteram
1039 1937 1242 2007 transferatur,
1265 1938 1361 1997 inne·

222 2034 309 2105 niet,
326 2035 401 2092 sicut
416 2034 559 2108 scripture
576 2034 654 2105 dicit,
671 2034 813 2093 semitas
829 2034 992 2094 iustitiae
1008 2034 1111 2094 leues.
1139 2050 1279 2108 ponamus
1294 2050 1361 2108 ergo

221 2129 277 2190 iem
293 2130 432 2189 rationem
448 2129 525 2188 uitae
546 2132 661 2189 nostrae
681 2133 711 2188 et
729 2147 780 2204 pei·
800 2147 883 2204 quam
903 2130 1083 2204 potissimum
1102 2129 1266 2204 grndiemur
1285 2128 1361 2188 uiam

221 2224 399 2285 conscientia
418 2227 493 2284 teste
513 2225 664 2284 discamus.
696 2242 778 2284 omne
799 2225 874 2285 enim
895 2227 968 2299 quod
988 2227 1110 2300 egimus,
1131 2243 1213 2284 omne
1229 2226 1303 2299 quod
1319 2224 1361 2284 lo·

162 2342 194 2382 ao
221 2322 335 2395 quimur
350 2323 401 2379 ant
416 2322 449 2380 de
465 2321 524 2379 luta
539 2325 589 2379 aut
608 2322 642 2380 de
658 2323 784 2395 anguste
803 2321 853 2379 uie
872 2324 924 2379 est.
957 2321 981 2380 ei
1003 2338 1065 2379 cum
1086 2321 1185 2394 paucis
1205 2321 1360 2394 angustum

222 2416 277 2476 iter
292 2420 320 2476 et
335 2417 468 2476 subtilem
484 2417 626 2490 quendum
642 2417 772 2476 semitam
788 2417 962 2488 inueuimus,
982 2418 1017 2475 ad
1032 2416 1122 2475 uitam
1136 2416 1296 2485 tendimus;
1314 2415 1360 2474 sin

221 2530 289 2572 uero
304 2512 457 2572 multorum
473 2513 606 2572 comitum
617 2513 784 2572 comitamur
796 2514 882 2585 niem,
899 2514 1054 2573 secundum
1068 2511 1360 2572 dominisententiam

221 2608 295 2668 imus
311 2609 345 2666 nd
361 2610 488 2669 mortem.

268 2710 315 2763 11.
338 2704 368 2763 Si
383 2703 473 2778 igitur
488 2703 550 2763 odio
566 2706 652 2777 etque
668 2703 777 2762 inuidis
792 2704 980 2778 possidemur,
1001 2704 1027 2763 si
1046 2704 1195 2778 cupiditati
1217 2705 1245 2762 et
1264 2703 1360 2761 auari-

165 2821 193 2862 as
221 2798 278 2859 tiae
294 2800 429 2870 cedimus,
449 2799 474 2857 si
494 2800 660 2874 praesentia
678 2801 822 2859 commode
841 2799 947 2858 futuris
967 2799 1165 2874 praeferimus,
1186 2817 1236 2874 per
1252 2798 1360 2874 spatio·

222 2932 234 2960 ··
327 2923 353 2993 1]
373 2923 523 2988 cusos.
578 2925 606 2994 5]
625 2924 722 2979 nater.
735 2928 760 2990 ι,
775 2927 814 2981 13.
870 2926 898 2996 ι]
917 2925 1008 2981 mro.
1063 2925 1108 2994 rc]
1127 2924 1299 2990 neenec.

265 3030 279 3084 l
298 3027 385 3097 uitiis]
405 3024 508 3083 dicente
527 3021 647 3098 apostolo
665 3030 729 3084 edd.
749 3041 797 3099 ιιψ
867 3030 951 3099 enim]
975 3033 1066 3084 autem
1088 3040 1112 3098 ψ
1181 3034 1197 3087 2
1216 3034 1362 3100 sequuntur

220 3133 270 3184 cp,
288 3115 448 3184 sequituro
500 3115 635 3171 ldiuerso
648 3116 783 3185 itinerep
835 3116 981 3172 5saluator
1000 3118 1027 3170 in
1046 3117 1222 3186 euangelica
1274 3121 1362 3171 osteu-

222 3200 273 3270 dit]
292 3201 410 3256 ostendit
427 3201 517 3257 dicens
536 3214 559 3271 ψ
611 3219 692 3272 quem
704 3203 773 3258 laetu
792 3208 819 3256 et
837 3204 954 3272 spatiosa
972 3205 1016 3257 uia
1034 3208 1074 3257 est
1086 3221 1152 3272 quae
1171 3216 1194 3273 ψ
1246 3208 1261 3259 7
1280 3205 1323 3258 uia
1335 3208 1362 3258 et

221 3292 336 3359 angusta
354 3292 394 3344 est
411 3308 439 3357 ιι,
458 3294 517 3344 arta
535 3295 562 3345 et
580 3294 694 3359 angusta
712 3290 756 3344 uis
774 3296 856 3360 estu
916 3291 1090 3347 8inueniant
1107 3310 1127 3348 x
1191 3296 1363 3359 quentunrp

221 3375 352 3446 suem]
370 3381 485 3430 mortem
502 3384 528 3432 ιιΙ
583 3376 659 3446 haec]
678 3377 802 3446 istamp
863 3377 897 3430 ad
916 3383 1030 3431 mortem
1048 3377 1177 3447 tenditur
1233 3377 1360 3447 mortem]

221 3462 306 3517 uitam
323 3481 344 3518 ιι
405 3462 575 3539 celebretur]
595 3462 744 3518 celebratur
762 3481 778 3517 a
795 3463 959 3533 pluribusne
1031 3463 1361 3532 intercederemus

221 3549 280 3619 per]
299 3551 373 3618 quasi
392 3566 439 3619 per
457 3568 500 3620 xp
564 3553 596 3606 12
616 3551 824 3605 commeantium
843 3562 890 3619 ιιψ
957 3553 989 3606 13
1006 3550 1152 3619 horridior]
1171 3550 1304 3604 horridior
1321 3550 1361 3602 ui-

221 3637 340 3706 deturp
409 3637 461 3692 hiis
483 3656 500 3690 v
571 3637 742 3706 diligiturp
814 3640 844 3694 14
868 3638 1048 3708 mensiorisy
1119 3641 1151 3692 15
1174 3637 1245 3690 enim
1268 3647 1361 3704 ιιιψ

221 3723 297 3778 nobis
319 3743 370 3780 οιιι.
388 3743 406 3777 e
476 3724 563 3779 effecit
584 3743 656 3794 oye,
680 3725 746 3778 lecit
767 3736 814 3792 ιιψ
886 3726 918 3780 16
940 3725 1068 3778 uitiorum
1091 3723 1252 3777 consuetudo
1271 3723 1360 3778 Rosw.

223 3810 368 3865 transieras
386 3829 406 3866 ιι
458 3811 576 3865 inueniet
593 3830 642 3881 sy,
661 3811 812 3865 inuenietur
831 3822 860 3879 ψ,
879 3810 998 3864 inuenies
1016 3829 1044 3880 ιι,
1063 3810 1182 3864 inueniat
1200 3829 1217 3863 υ
1271 3813 1301 3867 17
1321 3826 1360 3863 se-

221 3898 288 3951 mita
306 3908 338 3967 ψ,
355 3898 478 3952 semitam
497 3916 518 3953 ιι
587 3897 653 3951 leuis
672 3909 702 3967 ψ,
725 3898 813 3951 lenem
832 3916 851 3952 ιι
923 3900 955 3954 18
973 3897 1027 3951 iam
1045 3897 1160 3951 rationes
1182 3915 1208 3961 υ,
1230 3897 1361 3951 rationem

221 3984 274 4038 iem
292 4002 313 4039 ιι
366 3988 393 4037 et
411 3996 498 4054 emp
550 3984 687 4053 potissime
705 4003 725 4040 x
779 3988 810 4040 19
828 3984 997 4052 discimusp
1049 3984 1118 4037 enim
1137 3995 1225 4052 ιιιψ
1277 3983 1359 4054 quod]

222 4095 397 4165 quodcunque
416 4107 439 4165 ψ
491 4112 569 4151 omne
587 4094 727 4165 qnod—de
745 4096 800 4150 late
818 4108 902 4165 ιιιψ
954 4099 986 4152 21
1007 4096 1048 4150 sin
1066 4107 1142 4166 you,
1161 4063 1194 4149 si¹¹
1201 4095 1224 4163 (¹¹
1241 4115 1274 4150 ιιι.
1288 4096 1315 4163 1)
1331 4115 1361 4163 n,

220 4183 245 4237 si
279 4200 299 4237 ιι
332 4185 367 4238 22
385 4183 514 4237 comitum
531 4183 602 4236 imus
620 4183 692 4236 uiam
711 4185 779 4239 corsi.
793 4184 905 4240 Lchnm
958 4185 992 4239 24
1011 4182 1361 4253 cupiditateetaueritiap

220 4270 255 4325 25
274 4268 394 4323 cedimus
412 4280 444 4337 ψ,
461 4269 594 4325 credimus
612 4288 632 4324 ιι
