3036 4770
157 261 221 325 312
492 279 517 333 S.
530 279 662 332 Paulini
682 278 802 333 Nolani
821 279 966 347 episcopi

157 455 291 538 scriptus
326 474 358 520 es
393 455 476 520 enim
510 458 543 519 et
571 456 731 538 inpressus
762 455 907 520 cordibus
938 474 1046 520 eorum
1077 476 1133 540 per
1163 457 1291 521 multam

157 565 245 624 tuam
271 560 304 623 in
331 577 383 624 eos
406 560 645 624 humanitatem.
684 577 741 623 nec
769 560 887 624 famem
913 564 1058 625 metuunt
1085 561 1186 625 securi
1211 558 1293 624 cibo·

156 682 227 727 rum
255 667 379 727 tuorum
410 682 511 746 neque
539 663 675 728 hiemem
702 664 937 747 pertimescunt,
967 665 1041 746 qnia
1070 669 1106 729 tn
1132 664 1293 748 praeconis

157 770 189 832 et
208 767 344 831 excludis
361 767 498 832 hiemem
519 769 656 833 uestium
671 771 867 852 praeparatu.
892 767 1025 834 beatus
1045 769 1165 850 homo,
1188 786 1295 850 quem

157 872 312 936 ueniens
335 872 504 937 dominus
527 873 698 937 inueniet
720 874 772 937 ita
795 874 1011 938 facientem!
1332 896 1344 936 e
1368 882 1401 925 i

662 1100 790 1165 XXXV.

156 1238 348 1303 Bnnmsemo
370 1262 411 1302 er
432 1262 619 1303 vnnnannmr
640 1262 762 1303 saurae
779 1261 868 1303 noers
887 1260 1188 1305 nnemnaanmssnro
1204 1262 1297 1304 rnrru

550 1346 715 1408 Dmenmo
738 1344 905 1409 Parumne,

199 1499 318 1564 Breues
342 1503 468 1565 sanctae
492 1499 664 1566 affectionis
687 1506 758 1565 tuae
782 1501 904 1566 litterae
929 1519 1042 1586 magno
1067 1500 1180 1566 affectu
1207 1502 1298 1566 uobis

157 1604 295 1687 copiosae
324 1604 356 1668 in
388 1609 463 1686 tcto,
494 1623 554 1686 qno
585 1605 843 1687 desiderauimus,
878 1606 968 1672 corde
999 1606 1203 1689 suscepimus.
1244 1606 1298 1670 sed
1324 1631 1348 1670 re

158 1709 231 1791 quia
253 1709 350 1772 omni
372 1709 425 1772 rei
449 1717 601 1793 tempus
619 1714 689 1791 est,
712 1729 796 1774 nnuc
818 1714 854 1774 ut
875 1711 1065 1794 intempore
1088 1710 1300 1776 conuictutio·

157 1815 206 1878 nis
229 1818 354 1897 tempus
382 1813 477 1878 etiam
499 1814 663 1879 hreuiendi
690 1817 844 1880 sermonis
870 1835 938 1880 csse
960 1817 1063 1881 nisum
1086 1820 1144 1881 est.
1182 1815 1300 1881 contri-

159 1922 257 1982 statos
292 1922 398 1982 autem
435 1936 492 1982 nos
530 1920 733 1984 uehementer
767 1920 902 1985 fatemur
940 1938 1002 1986 non
1035 1925 1100 1984 tam
1134 1920 1174 1984 de
1211 1921 1301 1985 obitu

159 2023 309 2105 corporali
332 2023 438 2087 fratris
461 2025 558 2088 nostri
581 2043 674 2105 quam
697 2025 736 2089 de
759 2026 957 2109 neglegentia
980 2025 1046 2089 eius
1069 2025 1211 2108 spiritali,
1239 2044 1302 2108 qua

159 2127 432 2209 relinquendarum
454 2129 525 2192 istic
545 2130 649 2210 potius
670 2147 815 2193 curarum
836 2148 930 2212 qnam
949 2129 1212 2212 prouidendorum
1236 2130 1303 2195 illic
1329 2155 1353 2195 a

158 2232 367 2296 remediorum
403 2251 521 2301 memor
554 2233 770 2316 posthabenda
802 2235 982 2317 praeposuit
1015 2238 1047 2298 et
1080 2235 1304 2317 praeponenda

159 2336 352 2419 posthabuit.
398 2356 492 2419 quem
523 2339 659 2420 oportuit
689 2343 720 2402 et
749 2339 803 2402 illa
832 2339 952 2421 potiora
981 2355 1037 2421 pro
1068 2357 1101 2402 se
1130 2357 1240 2403 curare
1272 2345 1305 2406 et

159 2441 236 2505 haec
263 2442 448 2524 temporalia
474 2461 529 2524 pro
556 2442 629 2506 filiis
660 2461 721 2507 nou
748 2443 1003 2525 praetermittere.
1043 2443 1124 2508 unde
1151 2444 1304 2526 petimus,

159 2549 195 2610 ut
216 2550 347 2628 paterna
374 2546 536 2611 affectione
563 2548 743 2630 conpatiens
766 2548 839 2611 huic
866 2552 972 2612 nostro
996 2547 1092 2612 dolori
1118 2547 1304 2614 meminisse

160 2650 296 2735 digneris
327 2654 358 2715 et
388 2651 478 2715 illum
508 2653 665 2734 quondam
699 2652 870 2735 spiritalem
901 2652 958 2717 tibi
987 2651 1088 2717 filium
1118 2653 1221 2736 gratia
1252 2654 1304 2719 dei
1333 2684 1360 2722 20

160 2754 257 2819 fuisse
288 2756 487 2839 progenitum
522 2760 553 2820 et
586 2756 653 2821 ideo
683 2760 756 2821 tuae
788 2757 963 2840 specialiter
994 2775 1086 2821 curae
1115 2756 1197 2822 hanc
1233 2777 1306 2825 esse

160 2877 297 2940 causam,
321 2879 360 2923 ne
380 2861 528 2943 pietatem
549 2864 647 2941 tuem,
670 2879 750 2943 qnae
771 2861 861 2925 nobis
880 2861 950 2925 filiis
966 2860 1167 2944 gloriabatur,
1191 2861 1306 2946 dilapi-

171 3133 193 3187 L
264 3049 292 3119 4]
311 3048 407 3104 Matth.
421 3052 462 3114 24,
475 3052 517 3105 46.
596 3049 641 3119 ll]
660 3050 805 3113 Eccl.3‚l.
884 3051 929 3120 16]
948 3051 986 3116 (H
1005 3049 1062 3105 Cor.
1078 3053 1118 3116 12,
1133 3051 1182 3120 14).
1256 3053 1305 3124 22]

161 3134 234 3199 (uc.
250 3136 354 3203 15,13).

206 3319 219 3373 1
240 3323 267 3372 et
284 3319 340 3386 Lo,
358 3336 409 3374 om.
423 3326 468 3374 cet.
522 3322 538 3373 4
557 3320 663 3373 hiemen
685 3321 708 3376 0
765 3322 893 3374 uestitum
911 3324 1069 3390 praeparatu
1087 3323 1123 3390 L,
1141 3329 1305 3392 praeparatu

162 3405 278 3459 uestium
301 3408 327 3462 U
377 3406 532 3462 5inueuiat
554 3409 580 3463 U
630 3407 784 3477 facientem]
803 3407 892 3461 ueleas
912 3423 957 3462 oro
975 3409 1039 3463 odd.
1053 3409 1157 3466 FP’U.
1177 3439 1210 3449 -
1240 3410 1306 3467 finit

162 3491 194 3545 de
213 3491 387 3561 gaiophilatio
409 3493 439 3559 0,
459 3492 519 3547 finit
537 3492 569 3546 de
587 3494 821 3563 gazophylactiov

205 3580 380 3636 FLMOPU.
406 3609 434 3618 -
461 3579 498 3633 ite
521 3580 633 3649 epistola
650 3581 768 3635 eiusdem
788 3581 821 3635 ad
841 3582 954 3635 eundem
975 3581 1061 3635 -1111-
1081 3583 1115 3648 L,
1133 3581 1167 3634 ad
1186 3583 1305 3639 eundem

160 3664 227 3720 XX·
248 3667 288 3735 M,
311 3666 406 3735 incipit
423 3666 456 3721 ad
476 3667 588 3721 eundern
609 3668 703 3735 quinta
724 3669 755 3736 0,
777 3669 889 3738 epistola
911 3668 996 3722 sancti
1014 3667 1115 3737 paulini
1133 3668 1251 3739 episcopi
1269 3672 1305 3726 ad

162 3752 320 3822 dalphinum
338 3753 490 3822 episcopum
510 3753 555 3808 ubi
576 3754 607 3808 dc
626 3755 775 3823 significato
794 3755 844 3809 sibi
864 3772 968 3809 excessu
988 3755 1077 3809 fratris
1096 3755 1136 3808 sui
1154 3756 1304 3825 plurimum

162 3838 253 3892 dolens
272 3842 349 3907 rogat
366 3839 454 3908 ipsum
473 3845 504 3894 ut
522 3856 570 3910 pro
589 3858 618 3894 eo
638 3841 776 3895 dominum
794 3841 930 3912 supliciter
943 3841 1109 3911 deprecetur:
1127 3842 1150 3896 si
1168 3845 1304 3910 quomodo

162 3941 209 3978 suo
236 3925 387 3980 interuentu
415 3930 531 3981 etternus
562 3944 643 3996 penas
676 3928 787 3982 euadere
814 3930 899 3998 possit
929 3931 955 3985 U
1034 3932 1049 3984 7
1077 3928 1304 3986 desideratissimo

161 4012 246 4069 FPU
296 4016 312 4070 8
331 4011 428 4067 delfino
447 4013 541 4081 LMO,
562 4014 689 4084 delphino
708 4017 793 4072 FPU
844 4019 873 4071 ll
894 4019 925 4069 ut
942 4016 1040 4083 Roaw,
1058 4033 1108 4071 om.
1122 4016 1190 4086 LM,
1210 4020 1236 4070 et
1255 4025 1302 4073 oet.

163 4126 194 4178 15
214 4123 428 4193 reliquendamm
451 4128 478 4182 U
528 4130 561 4184 16
579 4126 795 4197 proponendeO
849 4129 881 4183 17
900 4095 1091 4196 posthebuiitO
1144 4130 1176 4186 18
1198 4127 1248 4182 heo
1266 4131 1303 4198 F,

161 4227 259 4285 hocU
311 4233 342 4286 19
361 4231 495 4300 copatione
514 4233 552 4287 Μ
