3036 4770
159 292 222 358 268
497 310 522 364 S.
536 309 668 364 Paulini
687 309 805 362 Nolani
824 309 968 378 episcopi
1002 309 1005 315 '

159 489 241 552 neris
265 488 386 570 copiam
409 491 441 552 et
462 488 514 551 ille
538 506 683 570 sospem
706 487 846 551 eiusdem
866 488 985 570 gratiae
1009 487 1165 569 copiosam
1186 486 1300 550 habere

159 593 235 657 dixit
257 611 275 656 a
299 595 408 657 sancta
428 591 533 672 Siluia,
557 610 636 674 quae
660 592 764 655 illido
788 592 958 656 multomm
983 610 1019 654 ex
1035 591 1161 656 Oriente
1184 594 1302 674 marty-

158 716 228 760 rum
251 697 389 779 reliquiis
413 697 640 779 spopondisset,
664 697 844 760 inponimus
864 696 945 778 quod
966 696 1059 780 digne
1083 699 1114 759 et
1136 696 1174 759 ad
1194 695 1303 760 basili-

159 819 213 865 cae
241 800 520 865 sanctificationem
543 800 632 864 uohis
657 804 688 864 et
711 801 749 864 ad
773 804 951 864 sanctorum
975 801 1115 864 cinerum
1138 800 1302 863 cumulan-

159 906 231 968 dam
262 904 511 969 benedictionem
545 905 757 984 mitteremus,
792 909 915 988 partem
946 906 1115 987 particulae
1147 905 1184 968 de
1214 906 1301 988 ligno
1341 937 1353 973 s

159 1009 282 1073 diuinae
305 1010 413 1073 crucis.
438 1009 519 1091 quod
543 1009 632 1073 nobis
655 1009 773 1073 bonum
795 1009 959 1073 benedicta
980 1010 1137 1073 Melanius
1162 1009 1200 1073 ab
1224 1010 1302 1073 Hie-

158 1102 295 1177 rn'salem
331 1133 459 1178 munere
494 1115 594 1178 sancti
628 1114 700 1177 inde
735 1115 870 1197 episcopi
904 1115 1053 1177 Iohannis
1087 1115 1209 1193 adtulit,
1243 1115 1303 1178 hoc

159 1218 334 1300 specialiter
367 1218 464 1282 sorori
498 1221 622 1282 nostrae
656 1217 828 1282 uenerabili
855 1218 1005 1282 Bassulae
1035 1218 1122 1283 misit
1150 1237 1302 1283 conserua

158 1325 346 1398 comnrunis3
379 1324 434 1386 sed
461 1324 544 1404 quod
571 1323 660 1386 alteri
687 1327 829 1386 uestrum
857 1323 949 1386 datur
975 1324 1135 1404 utriusque
1159 1326 1300 1387 uestrum

159 1431 217 1507 est,
248 1428 320 1508 quia
346 1428 378 1490 in
404 1430 534 1509 utroque
563 1431 702 1490 uestrum
726 1445 789 1489 una
810 1427 889 1490 ratio
913 1431 1019 1490 nranet
1042 1431 1073 1490 et
1096 1446 1203 1490 sexum
1228 1446 1302 1491 eua·
1330 1460 1355 1498 m

158 1535 230 1595 cuat
252 1531 340 1610 fides,
365 1531 480 1612 quain
505 1531 608 1595 uirum
630 1532 804 1614 perfectum
828 1530 920 1594 ambo
943 1532 1135 1595 concurritis.
1171 1534 1302 1616 accipite

158 1653 231 1719 ergo
261 1635 300 1699 ab
330 1635 488 1699 unanimis
515 1635 662 1700 fratribus
690 1637 722 1699 in
750 1636 834 1699 omni
861 1635 942 1699 hono
973 1639 1113 1699 uestrum
1141 1636 1200 1699 sibi
1228 1655 1303 1701 con-

158 1738 289 1804 sortium
313 1739 520 1823 cupientibus,
548 1741 678 1823 accipite
702 1759 853 1823 magnum
876 1740 908 1803 in
932 1740 1052 1804 modico
1076 1759 1190 1803 munus
1214 1742 1303 1805 etin

158 1846 321 1927 segmento
356 1864 435 1927 pene
469 1849 572 1909 atomo
606 1845 748 1909 hastulae
781 1843 886 1908 breuis
921 1845 1035 1908 sumite
1070 1845 1303 1908 munimentum

157 1949 333 2032 praesentis
364 1953 396 2013 et
425 1950 537 2033 pignus
569 1953 714 2014 aeternae
747 1950 868 2013 salutis
915 1967 977 2012 non
1007 1950 1193 2032 angustetur
1223 1947 1302 2014 fides
1332 1979 1357 2018 ιε

158 2058 264 2117 uestra
294 2054 472 2118 carnalibus
503 2054 600 2117 oculis
631 2072 728 2136 parua
758 2052 970 2133 cernentibus,
1001 2053 1055 2117 sed
1085 2053 1207 2116 interna
1235 2053 1302 2117 acie

158 2160 257 2222 totam
279 2159 312 2222 in
332 2159 390 2223 hoc
412 2158 542 2222 minimo
564 2159 630 2221 uim
653 2159 752 2222 crucis
775 2159 891 2222 uideat.
917 2158 991 2222 dum
1014 2158 1120 2221 uidere
1140 2176 1195 2221 uos
1216 2159 1302 2241 cogi-

157 2262 231 2326 tatis
254 2262 376 2346 lignum
403 2262 491 2342 illud,
522 2281 581 2344 quo
610 2263 694 2325 salus
721 2267 838 2342 nostra,
870 2280 930 2344 quo
958 2262 1101 2325 dominus
1129 2262 1302 2326 maiestatis

157 2366 277 2430 adfixus
307 2369 461 2431 tremente
495 2367 611 2430 mundo
641 2365 836 2450 pependerit,
872 2366 1017 2430 exultetis
1051 2385 1123 2429 cum
1153 2369 1300 2430 tremore.

157 2471 355 2535 recordemur
389 2474 420 2534 et
449 2474 555 2552 petras
585 2470 676 2534 fissas
711 2470 750 2534 ad
781 2470 873 2534 huius
907 2470 1089 2553 adspectum
1124 2469 1234 2550 crucis,
1270 2475 1305 2535 et
1330 2501 1358 2540 ro

157 2577 270 2640 saltem
294 2592 439 2639 saxorum
460 2575 667 2639 aemulatione
686 2576 868 2658 praecordia
887 2579 995 2640 nostra
1013 2574 1169 2639 findamus
1190 2575 1303 2638 timore

158 2680 273 2744 diuino.
312 2684 494 2762 reputemus
526 2682 555 2743 et
585 2680 709 2743 uelum
736 2681 867 2762 templi
894 2681 1002 2744 eodem
1028 2679 1128 2742 crocis
1152 2679 1302 2760 mysterio

158 2784 318 2848 scissum
346 2788 377 2848 et
403 2784 622 2866 intellegamus
649 2783 734 2848 illius
757 2785 819 2848 ueli
842 2784 1009 2847 scissuram
1033 2802 1068 2847 eo
1091 2783 1188 2847 fuisse
1210 2800 1302 2865 prae-

157 2892 289 2969 tentam,
319 2891 354 2952 ut
376 2888 539 2952 audientes
567 2905 676 2952 uocem
700 2888 818 2951 domini
841 2892 872 2951 et
895 2888 1082 2970 mysterium
1104 2887 1228 2970 pietatis
1252 2887 1303 2951 in-

158 3010 285 3056 mensae
308 3010 371 3056 non
393 2992 582 3056 obduremus
606 2993 698 3056 corda
722 2995 836 3072 nostra,
865 2992 920 3056 sed
943 3009 961 3055 a
983 2991 1158 3055 carnalibus
1182 2991 1301 3055 diuida-
1328 3021 1355 3060 2⁵

158 3115 228 3159 mur
248 3100 280 3160 et
299 3096 477 3161 scindamus
497 3096 689 3161 infidelitatis
710 3097 865 3177 uelamen,
890 3103 925 3159 ut
945 3097 1084 3160 reuelata
1103 3096 1203 3159 cordis
1220 3096 1300 3160 facie

158 3201 343 3265 salutarium
366 3201 416 3264 dei
438 3220 604 3265 munerum
627 3205 825 3265 sacramenta
847 3202 1018 3264 uideamus.

263 3462 307 3531 10]
327 3460 396 3530 (ou.
410 3464 434 3526 3,
448 3461 499 3529 22).
537 3460 582 3529 11]
601 3460 678 3529 (upa.
692 3463 716 3525 4,
732 3461 783 3530 ra).
821 3461 865 3530 22]
884 3460 980 3514 uasa.
995 3463 1036 3525 27,
1047 3462 1093 3523 51;
1112 3460 1193 3513 nare.
1206 3463 1246 3525 15,
1256 3463 1300 3517 aa.

158 3548 202 3619 25]
221 3548 275 3617 (rs.
289 3552 330 3613 94,
344 3549 378 3617 a).
432 3548 477 3618 as]
497 3548 536 3617 (ΙΙ
555 3548 614 3604 eor.
628 3550 653 3613 s,
668 3549 718 3616 re).

200 3801 303 3856 edixit
324 3802 376 3870 Oc,
395 3800 501 3855 dicebat
519 3808 565 3858 cet.
620 3800 722 3856 scilicet
740 3799 818 3854 siluis
835 3801 862 3854 L
916 3800 1079 3856 dmelanias
1096 3801 1159 3869 FU,
1183 3801 1300 3856 melania

161 3890 237 3944 OMo
256 3889 294 3956 (hl
312 3891 363 3944 sl.
381 3877 415 3944 m.
433 3894 451 3944 2
468 3891 482 3943 l
499 3889 640 3957 melanius)
706 3887 802 3944 'linde
820 3906 853 3942 ex
875 3887 903 3940 id
922 3893 963 3941 cst
981 3889 1008 3942 P
1024 3893 1090 3943 arr.2
1159 3888 1298 3942 adtulit—

159 3977 174 4029 l.
190 3978 222 4031 13
242 3975 410 4045 cupientibus
429 3995 479 4032 om.
499 3980 523 4028 Δ
584 3976 712 4047 8hasulr3
731 3978 768 4030 M
828 3978 857 4030 ll
879 3975 942 4042 quia
959 3974 1001 4029 F¹
1063 3975 1173 4044 accipite
1192 3990 1254 4044 ergo
1273 3981 1300 4027 Δ

159 4065 192 4118 14
214 4063 322 4117 athomo
346 4063 478 4131 FOP'U,
503 4064 605 4117 athomi
628 4065 666 4118 M
732 4062 833 4116 astulae
861 4062 966 4118 AM¹U
1035 4065 1066 4117 16
1091 4062 1247 4116 interrnacic
1275 4064 1303 4119 U

160 4153 191 4204 17
210 4151 343 4205 totumO
396 4167 443 4204 uos
462 4170 512 4208 om.
532 4151 562 4205 F
610 4152 645 4206 20
663 4149 728 4203 fixas
746 4148 831 4223 FPU
885 4151 917 4205 21
938 4149 1028 4203 saltim
1047 4150 1097 4203 AL
1151 4147 1297 4202 fundamus

157 4260 210 4332 n1,
227 4261 354 4316 surmus
378 4263 415 4319 οι
468 4267 502 4320 aa
519 4230 656 4333 §aaran
678 4261 701 4317 o
753 4264 787 4318 24
806 4262 848 4316 uer
866 4262 951 4318 spu
