3036 4770
550 340 694 409 epistula
710 341 817 406 XXXX,
836 358 858 395 c.
872 344 948 398 1-3,
1253 327 1314 391 341

178 517 276 581 sicut
299 516 405 598 adipe
429 521 464 580 et
485 518 713 601 pinguedine
735 518 926 601 repleatur
949 519 1071 583 anima
1094 523 1235 600 nostra,
1264 521 1318 584 ad-

177 622 238 686 huc
261 622 359 686 semel
383 623 567 706 accepimus.

221 725 250 790 2.
272 727 499 791 Verumtamen
520 727 579 791 etsi
598 729 678 792 inter
697 726 801 791 officia
820 731 926 792 nostra
945 728 1176 793 uicissitudiues
1197 733 1318 812 tempo-

176 851 248 896 rum
264 832 391 912 fuerint,
415 836 450 895 ut
472 836 618 914 tempus
642 833 789 896 tacendi
814 836 850 896 et
873 835 1019 914 tempus
1040 833 1231 914 loquendi,
1255 852 1317 899 uon

134 971 148 1009 5
177 939 221 1001 ita
249 937 345 1000 etiam
372 935 520 1019 diligendi
548 953 583 999 ac
611 936 797 1020 neglegendi
825 940 949 1019 tempus
972 938 1041 1001 fuit.
1081 938 1316 1019 cucumerum,

176 1045 212 1105 ut
232 1042 340 1123 procul
363 1040 456 1104 dubio
476 1041 681 1123 recognoscis
706 1040 817 1106 Sancte
841 1042 946 1121 frater,
970 1041 1098 1124 diligere
1114 1043 1200 1125 coepi
1216 1047 1263 1117 te;
1286 1047 1318 1107 et

176 1146 268 1209 dilexi
288 1146 411 1229 iugiter,
441 1163 633 1227 quamquam
657 1163 719 1209 non
746 1146 807 1209 ista
829 1146 993 1210 dilectione
1016 1164 1095 1228 quae
1119 1145 1236 1210 Christi
1258 1151 1316 1228 est,

177 1249 231 1313 sed
257 1250 312 1313 illa
333 1248 554 1313 familiaritatis
578 1250 734 1314 humanae
763 1251 909 1330 amicitia,
941 1269 1019 1332 quae
1041 1251 1257 1316 blandimenta
1284 1251 1316 1316 in

175 1355 267 1419 labiis
295 1353 392 1418 hahet
419 1358 450 1418 et
476 1354 612 1418 radicem
638 1354 670 1418 in
698 1353 841 1418 cordibus
868 1355 1059 1435 nonhabet,
1090 1356 1246 1436 quianon
1270 1359 1318 1420 est

118 1496 148 1535 10
177 1460 309 1523 fundata
337 1477 431 1541 super
456 1463 579 1541 petram
606 1476 685 1540 quae
712 1476 775 1522 non
803 1458 981 1523 aedificatur
1006 1460 1038 1523 in
1063 1459 1196 1524 Christo.
1235 1461 1317 1524 unde

176 1563 315 1645 quolibet
336 1563 493 1627 interdum
517 1567 611 1627 uento
634 1563 772 1627 leuitatis
799 1564 917 1647 agitata
939 1563 1119 1628 dissoluitnr
1142 1568 1174 1629 et
1196 1568 1317 1649 tempo·

175 1670 234 1732 rali
263 1668 365 1752 gratia
393 1666 524 1732 breuem
554 1667 663 1732 florem
697 1672 808 1733 tenens
843 1669 940 1733 sicut
973 1669 1100 1733 lenum
1133 1669 1317 1735 uelociter

177 1773 314 1836 arescit
344 1776 380 1836 ot
409 1772 508 1836 sicut
535 1771 607 1837 ilos
635 1773 714 1855 agri
741 1773 814 1837 cito
842 1772 995 1848 decidit;
1026 1775 1137 1837 caritas
1164 1792 1239 1838 uero
1263 1774 1317 1839 do·

176 1879 251 1941 mini
274 1881 383 1941 manet
405 1878 438 1941 in
461 1881 633 1958 aeternum,
658 1896 719 1960 qua
740 1877 879 1942 inuicem
901 1878 971 1942 neri
995 1897 1103 1942 sumus
1128 1881 1159 1942 et
1181 1878 1221 1943 ad
1243 1897 1317 1943 oon·

118 2017 148 2057 rs
176 1982 346 2046 uiuendum
363 1986 394 2046 et
409 1981 449 2045 ad
468 1982 745 2063 commoriendum,
768 1983 842 2064 quia
863 1982 973 2048 fortis
996 1987 1035 2046 ut
1057 2001 1153 2047 mors
1177 1979 1316 2048 caritas

177 2086 301 2151 Christi.
341 2087 423 2152 sicut
445 2087 529 2151 enim
551 2087 600 2150 lex
623 2088 733 2151 mortis
755 2088 892 2170 inrupto,
919 2087 965 2151 ita
989 2091 1021 2151 et
1043 2087 1183 2151 caritatis
1206 2091 1317 2151 catena

176 2209 283 2272 parem
310 2192 376 2255 uim
404 2191 544 2255 caritatis
572 2195 604 2255 et
631 2192 739 2255 mortis
768 2210 836 2255 esse
859 2195 1001 2255 testatur.
1041 2210 1115 2255 nam
1143 2192 1224 2255 sicut
1245 2210 1316 2272 pro·

176 2296 271 2376 phata
304 2295 391 2359 dicit:
426 2296 507 2376 quis
542 2299 600 2359 est
629 2295 735 2360 homo
766 2296 826 2378 qui
860 2296 965 2360 uiuet
999 2298 1034 2360 et
1067 2313 1138 2359 non
1172 2295 1317 2360 uidebit

178 2402 354 2463 mortem?
391 2401 436 2464 ita
463 2404 495 2464 et
522 2401 681 2483 apostolus
709 2400 840 2466 clamat:
872 2400 954 2481 quis
985 2418 1050 2464 nos
1081 2398 1272 2482 separabit
1299 2416 1318 2463 a

115 2540 148 2579 so
176 2506 335 2568 caritate
363 2502 526 2569 Christi?
565 2504 769 2587 quamohrem
795 2503 861 2584 tibi,
891 2504 1065 2585 benedicte,
1096 2505 1216 2568 fructus
1240 2503 1317 2569 ube·

175 2609 237 2673 rior
259 2626 356 2695 exea
378 2609 493 2689 ueniet,
522 2609 576 2691 qui
598 2609 681 2693 prior
703 2609 796 2673 huius
820 2609 957 2673 caritatis
981 2608 1109 2691 spiculis
1131 2608 1315 2673 uulneratus

175 2713 410 2794 praeuenisti
436 2730 502 2778 nos
528 2713 565 2776 in
592 2712 855 2777 benedictione
883 2713 1093 2777 dulcedinis
1115 2731 1171 2796 per
1194 2712 1317 2794 eloquia

174 2817 350 2882 litterarum
373 2821 501 2883 tuarum
527 2821 614 2882 casta
641 2821 672 2881 ct
694 2817 807 2900 hdeha,
837 2817 1005 2900 inquibus
1033 2836 1052 2882 a
1077 2816 1174 2881 uerbo
1197 2816 1316 2881 domini

176 2922 238 2986 mel
262 2926 294 2987 et
315 2922 364 2986 lac
387 2922 552 2986 distillauit
573 2923 681 3006 lingua
704 2925 768 2987 tua.

116 3059 146 3100 2⁵
218 3026 247 3091 3.
273 3026 464 3109 Scripseram
492 3044 566 3090 uero
594 3029 626 3090 et
648 3025 734 3108 prius
761 3026 962 3091 unanimitati
985 3030 1058 3090 tuae
1085 3030 1215 3090 etcum
1243 3045 1262 3090 a
1284 3029 1316 3090 te

176 3133 341 3217 epistolam
363 3135 451 3194 tuam
474 3129 603 3195 breuem
625 3149 681 3213 pro
704 3148 750 3211 ca,
781 3149 876 3213 quam
903 3131 970 3215 ipse
994 3130 1152 3210 miseram,
1183 3130 1317 3213 recepis-

280 3288 307 3358 1]
325 3287 368 3341 rs.
383 3288 461 3355 aaa.
509 3287 539 3357 4]
557 3286 702 3350 aaaron.
758 3287 802 3356 12]
822 3287 865 3340 rs.
876 3287 917 3350 eo,
927 3288 951 3341 2.
966 3288 1051 3349 naec
1105 3285 1149 3355 15]
1169 3285 1315 3350 canace.

178 3374 221 3444 re]
239 3375 393 3439 escam
449 3373 683 3443 roriconem.
737 3373 782 3443 aa]
802 3373 939 3438 aanor.
994 3373 1040 3441 cr]
1059 3372 1185 3440 (canes,
1200 3373 1250 3441 ιι),

219 3513 351 3582 7iugiter
364 3532 386 3582 χ
403 3530 423 3567 r.
438 3514 454 3566 l.
469 3516 533 3566 cc.2
586 3514 619 3567 10
636 3511 815 3580 petratamx¹
870 3514 902 3567 13
920 3510 958 3580 et]
978 3514 1005 3565 st
1021 3510 1160 3574 euanuitss
1213 3509 1316 3564 domini

176 3617 238 3654 uero
256 3601 294 3655 M
343 3602 376 3657 ll
394 3600 456 3668 quia
474 3600 618 3667 FPUprp
671 3598 781 3652 connexi
799 3599 837 3653 M
885 3601 912 3652 et
929 3615 996 3654 cras.
1013 3599 1040 3652 L
1095 3600 1127 3653 15
1146 3599 1174 3651 ct
1191 3597 1225 3650 cd
1244 3613 1316 3651 com-

175 3686 343 3741 moriendum
371 3689 427 3743 cair.
455 3688 489 3752 L,
516 3704 567 3741 om.
594 3692 641 3740 cet.
665 3692 691 3761 ct
718 3684 809 3754 obiso.
837 3686 885 3741 sed
911 3703 927 3740 r
952 3704 986 3740 m.
1008 3689 1027 3739 2
1052 3691 1114 3741 onte
1141 3688 1168 3738 et
1192 3683 1224 3737 ad
1253 3699 1315 3738 con-

175 3773 321 3827 uiuendum
340 3775 455 3829 iurauit
519 3777 550 3829 16
569 3773 665 3826 caritas
683 3773 745 3836 FU,
766 3773 882 3826 charitas
899 3775 938 3836 βλ
989 3778 1051 3842 port
1069 3775 1162 3826 catena
1178 3777 1196 3837 β
1214 3773 1245 3826 ia
1262 3789 1314 3842 mp.

175 3861 369 3916 add.:cantica
422 3863 454 3916 17
466 3859 570 3930 parem]
583 3861 691 3930 aliquid
703 3861 790 3915 dcem
801 3861 900 3929 caepio.
915 3861 1008 3915 Soccb.
1057 3861 1171 3912 testatur
1183 3860 1316 3912 testantur

174 3948 221 4002 sed
238 3950 371 4001 testantur
388 3952 405 4013 β
424 3949 454 4002 ia
473 3965 523 4018 nep.
578 3947 755 4016 prephetaU
805 3950 838 4003 18
856 3946 984 4013 uiuetM,
1003 3945 1072 3999 uiuit
1090 3952 1135 4000 cet.
1191 3949 1223 4001 19
1242 3961 1315 4014 sepe-

175 4032 245 4088 rabit
267 4034 298 4103 U,
321 4034 455 4103 scparauit
476 4033 528 4102 r¹x
599 4035 633 4088 20
657 4036 817 4102 quapropter
840 4032 891 4086 tibi
913 4032 992 4085 huius
1013 4031 1137 4085 karitatis
1160 4031 1263 4085 fructus
1281 4033 1319 4087 M

174 4119 355 4175 benediciter
407 4123 439 4176 21
459 4137 488 4173 ex
507 4136 537 4173 aa
555 4138 605 4176 om.
619 4121 656 4175 Μ
704 4120 777 4189 prior
794 4119 873 4173 huius
892 4119 1012 4173 caritatis
1031 4118 1150 4188 spiculis]
1169 4118 1263 4171 eadem
1282 4119 1319 4173 Μ

175 4210 207 4263 22
226 4206 456 4262 benedictionibus
474 4208 512 4262 Μ
560 4210 594 4262 23
613 4206 651 4276 et]
671 4223 701 4260 ac
718 4207 804 4263 FPU
857 4208 891 4261 24
910 4204 1059 4260 destillauit
1076 4206 1106 4261 r¹
1164 4207 1198 4260 26
1216 4221 1265 4275 pro
1283 4221 1314 4260 ca

175 4295 212 4349 M
224 4312 245 4350 a.
259 4296 286 4364 l,
305 4312 356 4352 om.
369 4301 414 4351 cet.
469 4294 580 4348 miseras
598 4294 660 4363 FU,
678 4293 802 4348 missores
821 4295 849 4349 P
