3036 4770
541 322 684 392 epistula
702 322 891 386 xxxxvlnl,
910 340 931 377 c.
944 325 1020 378 4-6.
1287 307 1351 373 395

202 492 290 559 hunc
313 496 510 561 deficientem
533 499 586 579 qui
608 499 698 581 panis
727 502 759 562 et
784 499 903 563 iustitia
929 503 962 563 et
983 500 1053 563 fons
1075 500 1161 563 uitae
1184 503 1232 564 est
1255 500 1293 563 de
1317 519 1351 563 se

207 599 274 684 ipse
297 602 436 684 inrigans
458 604 556 684 pauit,
579 621 638 666 nec
657 603 719 667 alia
736 604 834 666 istum
853 606 968 684 pietate
989 621 1083 685 quam
1104 620 1230 667 omnem
1250 604 1351 667 homi·

208 723 282 769 nem
303 706 337 769 in
359 706 452 770 huius
476 707 585 770 mnndi
606 707 718 790 pelago
740 707 937 771 uolutantem
961 707 1066 771 dedita
1086 708 1167 788 patri
1190 726 1288 789 nsque
1311 707 1350 770 ad

210 811 308 873 erucis
332 812 466 874 mortem
486 812 603 893 pietate
624 811 791 875 miseratus
813 813 871 891 eet,
894 812 969 893 qnia
986 811 1132 875 uidelicet
1154 829 1236 876 unns
1256 812 1349 875 homo

171 914 423 978 anniuersitatis
458 916 558 997 portio
597 919 629 979 et
666 915 853 980 uniuersitas
887 916 981 979 nnius
1014 916 1116 981 forma
1149 916 1284 980 hominis
1319 917 1352 978 et

211 1022 385 1082 causaest.

252 1121 281 1186 6.
313 1122 457 1204 Denique
491 1140 554 1187 non
588 1124 689 1187 solum
724 1142 839 1187 nauem
871 1124 927 1187 sed
961 1125 1065 1205 ipsum
1096 1141 1228 1205 quoqne,
1262 1124 1349 1187 cuius

212 1245 303 1290 causa
326 1245 440 1291 nauem
462 1227 621 1308 tuebatur,
647 1246 760 1311 regens
784 1231 814 1291 et
837 1228 870 1292 in
893 1246 928 1292 eo
952 1228 1087 1293 discreta
1109 1230 1209 1293 carnis
1234 1232 1265 1292 et
1288 1229 1350 1310 spi·

211 1331 287 1394 ntus
314 1330 419 1395 officia
441 1331 635 1412 dispensans,
667 1335 761 1395 noctu
789 1350 934 1395 securum
961 1335 1166 1414 requiescere,
1197 1333 1245 1396 die
1272 1332 1350 1414 uigi-

168 1460 190 1497 10
211 1436 273 1497 lare
297 1435 466 1499 sollicitum
489 1434 627 1514 iubebat,
658 1453 770 1518 sepio
793 1436 966 1500 dormiente
991 1437 1193 1519 uigilatnmm
1218 1441 1249 1499 et
1271 1436 1351 1518 uigi-

212 1538 287 1603 lanti
310 1542 545 1621 cooperaturum
570 1558 638 1602 osse
658 1541 854 1622 promittens.
879 1559 992 1623 nempe
1015 1541 1104 1604 illum
1125 1541 1157 1603 in
1176 1541 1225 1604 his
1247 1540 1350 1604 uerbis

212 1643 328 1708 domini
356 1660 560 1726 recognosces
591 1643 749 1723 affectum,
780 1662 841 1724 quo
869 1663 992 1727 semper
1022 1645 1068 1707 ita
1094 1663 1182 1727 spem
1210 1647 1350 1707 nostram

212 1749 305 1827 fouet,
337 1751 373 1811 ut
399 1748 642 1811 sollicitudinem
671 1767 732 1811 non
759 1748 886 1828 relaxet,
917 1749 962 1812 ita
988 1749 1132 1812 infirmae
1162 1750 1247 1812 carni
1278 1766 1352 1811 con-

212 1852 294 1932 sulit,
322 1855 358 1915 ut
380 1852 506 1934 spiritus
529 1855 692 1934 promptus
720 1871 873 1916 essenon
897 1853 1028 1916 desinat.
1069 1858 1099 1916 et
1122 1854 1189 1916 ideo
1213 1853 1258 1916 sic
1281 1853 1351 1916 dor·

167 1981 187 2017 a
212 1956 288 2020 mire
315 1957 458 2038 permisit
485 1956 550 2019 seni
579 1956 672 2035 fesso,
703 1961 738 2020 ut
768 1975 807 2019 ne
838 1957 905 2020 seni
935 1957 1062 2038 quidem
1089 1961 1121 2021 et
1151 1958 1282 2040 fatigato
1312 1957 1351 2019 de

212 2060 362 2142 uigilandi
388 2061 512 2143 negotio
540 2061 739 2124 securitatem
762 2063 945 2141 remitteret,
977 2082 1016 2126 ne
1040 2062 1159 2125 scilicet
1181 2063 1351 2126 resoluere-

212 2169 263 2228 tur
289 2166 321 2228 in
348 2181 474 2228 somnos
503 2165 618 2228 inertes
646 2169 677 2229 et
701 2166 854 2248 inciperet
879 2184 941 2229 non
969 2167 1070 2230 solum
1093 2184 1219 2249 corpore
1242 2167 1297 2230 sed
1320 2169 1352 2229 et

213 2272 317 2332 mente
339 2269 485 2332 dormire.
514 2269 596 2350 quod
619 2273 762 2333 metucns
787 2270 913 2351 quidam
937 2275 1064 2334 sanctus
1088 2271 1145 2333 ait:
1168 2271 1352 2333 inlumina

213 2373 338 2435 oculos
362 2390 475 2452 meos
500 2372 660 2452 domine,
688 2391 731 2436 ne
754 2391 927 2454 umquam
950 2372 1179 2437 obdormiam
1201 2374 1237 2436 in
1260 2391 1352 2437 mor-

160 2500 185 2541 ai
212 2481 294 2540 tem.
332 2477 438 2540 uicina
464 2478 546 2540 enirn
573 2478 667 2541 morti
689 2478 776 2541 labes
800 2480 849 2541 est
871 2482 976 2560 torpor
999 2479 1184 2541 animorum.
1223 2481 1256 2541 et
1278 2482 1352 2541 tnnc

212 2580 311 2643 dicet
341 2580 531 2643 inimicus:
561 2581 759 2663 praeualni
788 2582 969 2645 aiiuersns
1001 2601 1095 2663 enm,
1127 2583 1153 2645 si
1181 2585 1212 2645 et
1236 2582 1352 2645 mentis

212 2685 317 2748 oculos
337 2702 466 2748 somnne
487 2685 684 2767 oppresserit.
709 2687 962 2769 recognoscimus
986 2704 1059 2769 ergo
1082 2687 1186 2769 ipsum
1209 2686 1278 2750 seni
1298 2686 1352 2749 ad-

213 2790 309 2853 fuisse
340 2790 392 2870 qni
422 2789 498 2852 dixit
528 2790 768 2853 dormitantibus
799 2792 879 2855 suis:
911 2791 1068 2874 uigilata
1099 2794 1135 2855 et
1164 2794 1280 2870 orate,
1312 2794 1352 2853 ut

213 2910 284 2957 non
306 2893 469 2956 neniatis
492 2893 529 2957 in
551 2894 853 2974 temptationem,
877 2896 1045 2958 etiterum
1069 2895 1273 2978 uigilantibus
1298 2894 1351 2973 ait,

158 3025 188 3063 ss
213 2997 275 3060 iarn
299 2997 417 3061 scilicet
440 2997 643 3061 excitatorum
666 2999 778 3080 uigore
795 3016 937 3062 securus:
965 3000 1122 3063 dormite
1145 3000 1217 3062 iarn
1241 3003 1277 3062 et
1299 3016 1352 3061 re·

213 3102 403 3183 quiescite.
432 3101 514 3182 quod
538 3101 662 3182 quidem
685 3119 747 3166 non
770 3104 871 3186 magis
895 3104 933 3166 de
956 3120 1101 3186 corporeo
1124 3120 1234 3166 somno
1258 3120 1351 3184 quam

213 3206 251 3269 de
285 3206 356 3270 fidei
390 3205 539 3269 firmitate
574 3206 692 3270 dictum
731 3208 806 3271 alibi
846 3208 936 3272 docet
973 3209 1091 3272 dicens:
1131 3210 1351 3271 constantes

214 3313 348 3391 estote,
380 3310 465 3392 quia
492 3327 557 3393 ego
585 3311 658 3374 uici
685 3312 870 3375 mnndum.
908 3330 985 3375 nera
1011 3313 1094 3375 enim
1116 3312 1252 3375 hominis
1275 3311 1352 3374 hacc

212 3413 336 3495 requies
360 3417 418 3493 est,
446 3414 472 3478 si
495 3413 555 3476 fide
578 3418 724 3478 constans
749 3419 779 3478 et
801 3415 932 3480 uictoria
954 3415 1070 3480 Christi
1092 3414 1131 3479 ab
1155 3416 1241 3479 omni
1263 3415 1351 3478 hoste

162 3544 189 3583 eo
214 3536 340 3581 securus
368 3535 443 3599 pace
470 3517 618 3582 unanime
641 3507 832 3600 perfruatur:
864 3520 942 3601 ipse
970 3521 1066 3584 enim
1094 3519 1197 3602 quies
1223 3520 1352 3581 nostra

319 3724 363 3793 re]
386 3724 430 3778 rs.
450 3725 490 3786 12,
507 3726 531 3778 4.
611 3724 658 3793 21]
680 3724 715 3779 ro.
734 3728 757 3781 5.
837 3725 882 3794 aa]
900 3723 997 3779 natta.
1014 3726 1057 3789 ae,
1073 3726 1115 3780 41.
1190 3723 1235 3792 25]
1254 3721 1350 3778 1245.

214 3812 260 3879 aa]
279 3811 336 3865 ron.
352 3813 392 3875 ro,
405 3813 446 3866 se.
505 3811 551 3880 ao]
570 3810 637 3879 apa.
651 3813 675 3875 2,
690 3813 730 3867 14.

260 4005 289 4059 ll
310 4006 513 4072 cooperaturum
531 4020 554 4068 o,
573 4019 634 4057 curn
653 4019 704 4071 quo
723 4002 939 4072 operaturumO
1026 4001 1093 4057 iise
1182 4002 1214 4055 13
1236 4000 1310 4055 fouet
1326 4018 1351 4069 o,

215 4089 289 4144 fauet
311 4092 334 4146 0
387 4093 419 4145 15
437 4089 549 4157 fatigato
568 4089 600 4142 de
617 4090 749 4157 uigilandi
767 4091 873 4158 scripsi,
892 4088 1004 4156 fatigato
1023 4087 1080 4140 sine
1098 4087 1229 4156 uigilandi
1247 4106 1271 4154 v,
1289 4086 1352 4141 futi-

213 4182 290 4246 gatos
313 4176 459 4245 enigilandi
486 4176 509 4231 O
586 4180 618 4232 27
642 4177 703 4229 tidoi
727 4177 855 4230 firmitate
872 4194 896 4240 o,
919 4174 1076 4228 infirmitate
1098 4174 1129 4240 0,
1148 4174 1229 4227 animi
1249 4173 1268 4228 f.
1286 4176 1351 4242 sort.

214 4265 248 4319 30
265 4263 386 4317 uriairimi
405 4263 432 4331 (i.
447 4281 467 4317 e.
480 4262 591 4331 Christi)
608 4264 652 4318 uei
670 4263 752 4316 animi
771 4264 839 4319 coni.
860 4262 953 4317 Sacclc.
