3052 4784
563 333 710 404 epistula
726 334 858 399 XXXXV,
877 351 898 389 c.
912 339 988 392 5-7.
1283 322 1347 388 385

207 512 239 575 in
262 511 368 575 oribus
392 510 456 575 suis
480 513 512 575 et
533 510 647 593 linguis
671 509 841 574 effantibus
864 510 984 575 dabunt
1005 529 1109 593 uoces,
1133 513 1245 595 quibus
1269 514 1348 578 diui-

207 635 263 680 nas
275 615 383 680 laudes
399 615 451 678 uel
467 633 616 679 sensuum
629 631 756 678 suornm
771 615 1018 698 gaudiorumque
1035 617 1164 681 affectus
1180 636 1234 700 per
1251 619 1348 683 uerba

206 723 402 804 depromant,
425 719 504 784 forte
520 719 616 784 etiam
630 719 688 784 hoc
703 719 823 802 gratiae
839 720 1017 803 gloriaeque
1033 720 1213 803 adposituro
1229 723 1347 787 sanctie

206 826 271 890 suis
295 824 419 888 domino
446 824 479 888 in
506 823 639 887 saeculis
666 823 755 906 regni
778 824 837 904 sui,
867 827 903 887 ut
924 827 1013 889 tanto
1036 825 1208 908 potioribus
1231 826 1347 910 linguis

166 959 179 996 e
207 933 238 994 et
267 928 397 994 uocibus
428 930 555 1008 canant,
588 931 705 1009 quanto
737 927 775 991 ad
805 926 977 992 beatiorem
1007 933 1154 994 naturam
1183 950 1347 1015 corporum

205 1034 300 1099 beata
326 1032 534 1097 inmutatione
556 1032 752 1114 profecerint,
783 1035 819 1096 ut
845 1033 877 1096 in
905 1033 1083 1116 corporibus
1111 1035 1175 1099 iam
1200 1035 1348 1118 spiritali-

204 1140 264 1204 bus
288 1138 448 1203 constituti
469 1137 533 1201 iam
556 1137 688 1201 forsitan
712 1155 774 1201 non
796 1137 943 1202 humanis
967 1138 1104 1203 sediliis
1128 1140 1277 1223 angelicis
1301 1143 1348 1205 at-

205 1262 266 1326 que
287 1241 484 1322 caelestibus,
508 1241 616 1323 quales
639 1241 798 1324 apostolus
821 1242 854 1305 in
876 1242 1020 1324 paradiso
1044 1243 1173 1325 audiuit,
1197 1245 1347 1309 sermoni-

204 1347 265 1412 bus
282 1348 489 1429 eloquantur?
512 1350 544 1410 et
562 1346 630 1410 ideo
645 1346 775 1411 forsitan
792 1345 912 1410 homini
928 1347 1102 1411 ineffabiles
1119 1366 1171 1412 eos
1187 1367 1347 1414 sermones

153 1483 179 1521 ιο
204 1453 302 1517 fuisse
323 1454 456 1516 testatus
480 1453 537 1530 est,
561 1450 635 1532 quia
658 1451 775 1514 sanctis
798 1450 880 1514 inter
899 1450 977 1515 alias
997 1452 1208 1534 praemiorum
1228 1454 1347 1537 species

204 1559 268 1622 iam
302 1574 402 1621 nonae
431 1556 558 1638 linguae
588 1558 746 1638 parentur.
785 1554 897 1637 quibus
931 1556 1044 1620 idcirco
1077 1557 1220 1621 homines
1254 1557 1347 1622 huius

205 1661 321 1726 saeculi
354 1660 455 1724 adhuc
485 1660 532 1723 uti
565 1677 628 1723 non
657 1659 742 1738 licet,
776 1663 813 1723 ut
845 1659 910 1722 iam
939 1660 987 1724 his
1017 1661 1134 1743 gloriae
1168 1679 1243 1725 suae
1273 1680 1347 1727 con-

204 1765 388 1850 gruentibus
408 1764 590 1828 inmortales
605 1764 783 1845 loquantur,
804 1764 841 1828 de
860 1762 973 1846 quibus
989 1764 1108 1829 dictum
1124 1768 1185 1830 est:
1210 1767 1347 1830 etenim

205 1869 421 1934 clamabunt
443 1871 479 1933 et
500 1868 675 1951 hymnum
699 1868 839 1949 dicent,
862 1869 971 1951 procul
987 1868 1080 1933 dubio
1096 1869 1128 1933 in
1148 1870 1346 1951 caelestibus,

152 2000 180 2043 rs
205 1975 260 2038 ubi
289 1991 362 2038 cum
392 1972 518 2036 domino
549 1974 641 2036 emnt
671 1976 703 2035 et
732 1972 1021 2037 delectabuntur
1051 1974 1088 2038 in
1118 1974 1348 2039 abundantia

204 2078 322 2163 pacis,
352 2077 525 2161 gaudentes
555 2077 588 2140 in
618 2080 787 2159 conspectu
814 2077 927 2158 throni,
960 2079 1121 2142 mittentes
1153 2079 1347 2162 antepedes

205 2183 279 2266 agni
300 2186 425 2266 pateras
448 2184 479 2245 et
501 2197 630 2245 coronas
654 2183 686 2245 et
709 2184 873 2246 cantantes
901 2181 929 2244 ei
952 2182 1110 2246 canticum
1132 2201 1260 2264 nouum,
1292 2184 1347 2247 ad-

204 2287 326 2371 gregati
356 2285 457 2350 choris
484 2285 668 2368 angelornm
696 2286 848 2349 uirtutum
876 2285 1123 2351 dominationum
1151 2287 1346 2368 thronorum,

205 2395 241 2456 ut
263 2394 295 2455 et
316 2390 375 2473 ipsi
398 2407 471 2453 cum
494 2387 651 2454 Cherubin
679 2392 771 2471 atque
794 2389 946 2472 Seraphin
970 2393 1000 2454 et
1023 2394 1172 2472 quattuor
1194 2391 1256 2454 illis
1280 2392 1346 2455 ani-

150 2523 178 2562 20
205 2494 341 2559 malibus
363 2511 438 2558 uoce
461 2495 613 2576 perpetua
638 2493 839 2558 concinentes
862 2494 980 2558 dicant:
1012 2497 1164 2559 sanctus
1192 2498 1346 2560 sanctus

205 2603 358 2665 sanctus
381 2598 555 2664 dominns
579 2598 668 2662 deus
692 2597 871 2680 Sabaoth,
895 2599 1069 2681 etreliqua
1092 2617 1172 2681 quae
1195 2599 1287 2664 nosti,

238 2703 277 2788 fl.
301 2704 371 2768 Hoc
398 2706 448 2768 est
474 2720 559 2786 ergo,
589 2701 672 2785 quod
699 2721 815 2786 egenus
842 2706 875 2767 et
897 2722 1016 2787 pauper
1038 2723 1095 2788 ego
1119 2704 1171 2767 ille
1194 2704 1344 2785 insipiens

205 2812 237 2873 et
258 2809 408 2891 paruulus
431 2811 515 2887 tuus,
540 2826 633 2890 quem
656 2811 692 2871 ut
714 2826 807 2871 uerus
830 2808 955 2891 sapiens
971 2809 1051 2873 ferre
1068 2809 1235 2889 consuesti,
1259 2826 1345 2892 rogo,

204 2917 242 2978 ut
267 2932 319 2977 me
346 2913 511 2976 scientiam
537 2913 588 2976 uel
611 2912 789 2995 opinionem
812 2931 905 2996 super
927 2913 986 2978 hoc
1008 2916 1096 2977 tuam
1120 2913 1241 2994 doceas,
1273 2913 1347 2995 quia

151 3043 178 3084 as
205 3019 267 3083 scio
291 3021 322 3082 te
343 3017 568 3081 inluminatum
591 3017 701 3100 spiritu
723 3017 924 3081 reuelationis
950 3017 989 3081 ab
1015 3018 1083 3102 ipso
1106 3018 1183 3081 duce
1207 3020 1238 3081 et
1260 3017 1346 3081 fonte

205 3122 404 3206 sapientium,
433 3126 469 3186 ut
495 3122 575 3186 siem
597 3121 766 3205 praeterita
792 3114 966 3206 cognouisti
993 3126 1025 3186 et
1045 3122 1223 3204 praesentia
1247 3122 1345 3202 uides,

308 3311 337 3381 8]
355 3309 394 3380 (ll
413 3309 471 3367 Cor.
487 3312 528 3376 12,
539 3311 575 3378 4).
630 3310 843 3381 13]Pe.64,14.
899 3310 943 3379 15]
962 3310 1058 3376 Paeo,
1070 3313 1109 3367 11.
1163 3310 1209 3380 20]
1228 3310 1344 3376 Esca

250 3480 263 3533 1
293 3476 346 3530 oris
373 3476 407 3536 εζ
477 3475 582 3529 diuinas
613 3493 664 3532 om.
698 3482 722 3529 Y
788 3478 805 3531 2
836 3475 995 3543 gaudiorum
1026 3481 1077 3529 ΥΦ
1155 3475 1263 3529 effectus
1294 3480 1346 3529 ΥΦ

204 3562 480 3634 3appoeituros01'
547 3562 629 3632 tad]
648 3579 694 3616 aa
759 3562 941 3617 6mutatione
963 3562 1121 3622 OstRoaw.
1191 3561 1346 3630 proficerint

208 3656 268 3716 ΥΦ,
286 3648 429 3719 profecerit
448 3649 472 3705 0
539 3653 556 3706 8
574 3649 602 3702 in
620 3649 751 3718 paradyso
769 3649 874 3703 audiuit
896 3655 955 3718 ΥΦ,
973 3648 1078 3702 audiuit
1095 3649 1123 3702 in
1140 3648 1264 3718 paradiso
1286 3648 1345 3709 Οεζ

203 3764 292 3820 Raeto.
368 3728 551 3830 9eloqualur
579 3767 607 3815 Φ
684 3762 746 3815 inde
773 3761 822 3822 ε’ζ
837 3762 925 3817 Rosea
996 3761 1099 3814 homini
1130 3766 1189 3828 ΥΦ,
1214 3779 1264 3818 om.
1286 3759 1345 3821 Οεζ

204 3852 294 3907 Rosea
348 3851 378 3905 11
398 3852 525 3917 parentur
548 3854 606 3914 ΥΦ,
625 3851 753 3917 parantur
773 3849 930 3909 CetRosw.
984 3848 1105 3902 homines
1126 3849 1211 3915 ΟΥΦ,
1228 3847 1344 3901 bomini-

203 3936 254 3990 bus
271 3937 305 3996 εζ
376 3938 408 3991 13
427 3934 529 3989 dictum
548 3939 588 3989 est
606 3935 704 3989 etenim
723 3937 764 3991 bie
782 3937 839 3991 cab.
862 3935 886 3991 G
955 3937 988 3990 14
1004 3951 1117 4005 ymnum
1139 3935 1169 4003 0,
1192 3934 1312 4003 hynnum
1331 3950 1343 3987 ε

206 4027 238 4080 17
261 4025 397 4077 cantantes
424 4027 483 4090 ΥΦ,
510 4023 600 4076 cantes
627 4021 655 4091 0,
683 4024 712 4076 al
734 4025 872 4076 cantantes
898 4021 972 4077 Oia
993 4039 1045 4092 mq.
1062 4040 1096 4076 m.
1113 4025 1140 4090 2,
1167 4023 1290 4074 canentes
1313 4021 1345 4081 εζ

203 4112 291 4166 Rosea
364 4112 396 4165 18
419 4108 519 4162 chroris
541 4125 574 4164 ea
597 4108 701 4162 thronis
725 4114 761 4177 Φ,
783 4108 897 4164 coristi
946 4108 1103 4164 thronosO
1156 4111 1189 4164 19
1207 4110 1285 4176 etque
1307 4106 1344 4159 Υι

203 4199 238 4253 20
256 4212 320 4250 noce
338 4212 364 4265 p.
377 4195 546 4249 concinentes
568 4212 618 4251 om.
640 4194 698 4255 Οεζ
710 4196 798 4252 Reate
869 4195 1055 4249 concinnantes
1078 4200 1102 4248 Y
1163 4196 1197 4249 23
1216 4193 1344 4249 censuisti

208 4283 286 4339 01¹ss

257 4376 363 4420 numi.
378 4375 464 4419 Paulini
476 4374 525 4419 nol.
535 4375 648 4430 epistulae.
1155 4371 1188 4422 25
