3036 4770
548 324 695 394 epistula
712 325 789 390 XIII,
808 341 829 379 c.
842 327 920 380 4-7,
1262 308 1304 372 89

208 495 238 561 6.
261 496 320 563 Sed
343 518 383 562 ne
405 500 456 563 uel
478 500 637 564 inmatura
659 499 717 564 tibi
744 501 784 563 ad
806 499 928 565 obitum
950 501 1049 564 t'uisse
1071 502 1225 580 uideatur,
1253 519 1305 564 ea-

163 600 235 664 dem
266 601 324 666 tibi
353 604 507 686 sapientia
542 603 743 684 sequentibus
773 603 879 668 uerbis
909 603 1022 686 probat
1054 622 1151 668 anum
1181 623 1304 686 quoquc

162 704 387 772 illamtuisse:
419 711 609 788 senectus,
639 708 751 789 inquit,
783 708 1013 772 uenerabilis
1046 710 1199 773 estnon
1227 708 1304 772 diu-

161 812 273 873 turna
302 829 420 893 neque
452 830 603 876 numero
638 830 816 877 annorum
851 815 1063 894 conputata.
1102 813 1184 876 cani
1217 814 1304 876 sunt

116 935 132 974 a
162 913 274 994 enim,
314 915 428 997 inquit,
469 934 600 980 sensus
634 916 847 981 hominibus
886 919 922 980 et
955 919 1059 980 aetas
1094 917 1303 980 senectutis

159 1018 242 1081 uita
262 1018 500 1083 inmaculata.
535 1039 630 1101 quare
654 1021 847 1103 gratulemur
869 1021 951 1084 iusto
975 1020 1041 1084 eius
1065 1021 1165 1084 accitu
1189 1023 1221 1083 et
1241 1019 1304 1084 fine

159 1126 295 1202 maturo,
318 1142 398 1206 quae
421 1124 480 1188 etsi
502 1125 603 1188 adhuc
622 1124 697 1189 flore
718 1142 870 1189 annorum
895 1123 1026 1204 uirebat,
1049 1128 1157 1188 tamen
1180 1142 1303 1188 morum

160 1227 328 1291 sanctitate
361 1231 511 1292 canuerat
544 1232 576 1293 et
609 1232 743 1293 aetatem
777 1229 900 1311 puellae
937 1229 1100 1310 stipendiis
1134 1229 1303 1292 senectutis

159 1331 301 1395 ornabat.
345 1333 427 1396 uncle
461 1337 493 1397 et
526 1333 582 1397 tibi
615 1334 715 1416 ipsae,
751 1351 831 1414 quae
865 1333 1014 1397 acerbant
1047 1334 1163 1397 uulnus
1197 1332 1302 1412 animi,

102 1459 131 1497 ιο
160 1453 273 1499 causae
306 1437 457 1501 solacium
490 1438 592 1502 maius
627 1438 746 1502 adferre
776 1440 918 1521 possunt,
953 1438 1035 1519 quod
1065 1441 1131 1502 tam
1162 1441 1303 1501 sanctam

159 1540 321 1620 feminam,
344 1541 403 1605 etsi
426 1559 489 1605 non
511 1541 619 1622 hahes,
643 1541 789 1605 habueris
811 1546 927 1606 tamen.
952 1559 1116 1605 commune
1141 1541 1224 1604 enim
1246 1539 1303 1604 tibi

161 1662 233 1707 curn
256 1645 399 1710 omnibus
423 1647 565 1710 amisisse
588 1647 764 1726 mortalem,
793 1647 900 1729 paucis
927 1663 1001 1709 uero
1024 1650 1129 1709 tecum
1151 1646 1302 1710 meruisse

160 1749 326 1829 optimam;
357 1768 416 1831 quo
444 1751 548 1814 minus
576 1751 672 1815 miror
698 1751 786 1814 illam
817 1751 849 1815 in
875 1751 934 1814 hoc
961 1751 1085 1814 saeculo
1111 1768 1173 1813 non
1202 1767 1303 1814 mora-

159 1856 225 1917 tam
249 1856 281 1918 et
304 1855 343 1918 ad
365 1854 527 1919 Christum
549 1856 641 1919 citius
665 1856 811 1929 accitam3
842 1855 984 1937 placita
1011 1856 1107 1919 enim
1135 1859 1215 1918 erat
1237 1855 1302 1919 deo

103 1978 130 2019 15
160 1958 283 2022 anima
311 1960 404 2040 eius,
435 1960 643 2040 etidcirco,
670 1965 706 2024 ut
729 1961 878 2043 scriptum
902 1964 959 2040 est,
983 1961 1199 2043 properauit
1224 1977 1302 2023 eam

159 2063 202 2126 de
232 2064 351 2128 medio
380 2065 596 2146 iniquitatis
624 2066 794 2145 educere,
825 2084 868 2128 ne
897 2065 1134 2129 intellectum
1161 2069 1302 2128 nostmm

159 2167 307 2231 malitia
330 2171 437 2232 nostra
459 2172 636 2248 mutaret,
664 2170 738 2250 quia
758 2173 859 2233 totus
883 2169 942 2233 hic
964 2169 1136 2247 mundus,
1167 2173 1203 2232 ut
1226 2169 1302 2232 scri·

158 2274 249 2353 ptum
272 2274 329 2350 est,
357 2272 394 2336 in
418 2272 583 2355 maligno
605 2273 717 2352 iacet,
749 2277 779 2337 et
801 2274 1001 2355 conloquia
1024 2273 1121 2337 mala
1142 2274 1302 2354 plerum-

158 2393 228 2455 que
262 2380 505 2458 corrumpunt
539 2394 659 2440 mores
689 2376 822 2457 bonos,
858 2381 889 2440 et
920 2377 981 2458 qui
1012 2377 1131 2460 picem
1161 2377 1300 2459 tangit,

100 2502 130 2542 ao
157 2479 420 2561 inquinabitur
446 2479 490 2544 ab
519 2499 568 2545 ea.
605 2500 665 2562 quo
692 2487 779 2546 metu
802 2481 929 2562 quidam
956 2485 1084 2546 sanctus
1107 2499 1212 2545 morae
1235 2500 1301 2544 me-

157 2588 250 2647 tuens
281 2587 313 2648 et
339 2584 377 2648 de
404 2585 492 2648 tardo
522 2604 596 2649 sene
626 2585 788 2665 sollicitus,
819 2590 887 2649 orat
917 2585 1010 2649 deum
1037 2588 1072 2650 ut
1101 2589 1211 2649 notum
1241 2586 1302 2668 ipsi

156 2687 253 2751 faciat
278 2686 375 2752 tinem
402 2707 495 2753 suum
523 2692 555 2753 et
583 2708 750 2753 numerum
777 2691 897 2753 dierum
928 2707 1064 2768 suorum,
1096 2693 1127 2752 et
1153 2689 1300 2770 quoniam

155 2792 461 2876 reuelante'spiritu,
484 2811 544 2874 quo
563 2793 779 2876 prophetabat,
803 2794 931 2877 agnouit
953 2796 1119 2876 prorogata
1142 2793 1202 2858 sibi
1220 2797 1301 2857 tenr-

155 2913 243 2979 pora,
270 2895 403 2980 ingemit
429 2897 548 2961 dicens:
581 2897 651 2960 heu
677 2898 850 2978 mequod
877 2897 1065 2962 incolatus
1092 2916 1193 2961 meus
1221 2915 1301 2980 pro-

96 3024 126 3064 ιε
156 3000 334 3084 longatus
357 3005 423 3065 est.
455 3019 582 3065 causam
605 3019 678 3065 uero
701 3002 835 3085 gemitus
860 3006 891 3066 et
913 3002 1033 3065 timoris
1056 3002 1105 3065 sui
1127 3003 1208 3066 hanc
1231 3021 1299 3066 esse

156 3107 302 3183 testatur,
334 3105 416 3187 quod
438 3104 630 3169 habitaret
655 3124 737 3169 cum
760 3105 1014 3170 tabernaculis
1039 3105 1168 3185 (lectar,
1198 3106 1229 3169 id
1252 3110 1301 3170 est

154 3209 189 3271 in
213 3209 350 3274 tenebris
371 3209 462 3273 istius
486 3210 602 3273 mundi.
635 3227 708 3273 nam
733 3209 848 3274 (ledar
870 3209 1014 3274 Hebraeo
1037 3210 1121 3273 idem
1143 3210 1225 3291 quod
1247 3227 1300 3273 ore

155 3313 299 3383 Romano
322 3318 451 3378 uocatur
474 3313 695 3378 obscuritas.

263 3415 293 3481 l.
320 3416 464 3500 Denique
494 3419 561 3501 ipse
588 3418 692 3482 Dauid
722 3419 754 3481 in
782 3417 903 3482 duobus
933 3418 1005 3483 filiis
1036 3419 1158 3485 diuerso
1188 3419 1299 3483 merito

94 3550 125 3590 ao
155 3520 220 3585 sibi
243 3522 368 3586 amissis
392 3524 575 3605 mysterium
602 3523 690 3587 istius
715 3523 858 3587 ueritatis
881 3523 1025 3603 exercuit,
1058 3524 1110 3604 qui
1132 3523 1231 3586 filium
1254 3523 1300 3586 ‹li-

262 3729 290 3799 3]
310 3728 370 3798 sap.
383 3731 408 3795 4,
421 3732 445 3787 s.
460 3732 483 3785 o.
552 3730 596 3799 14]
620 3729 680 3799 sap.
693 3732 718 3794 4,
733 3731 765 3785 14
783 3734 811 3783 es
829 3733 869 3786 11.
936 3730 980 3799 17]
1004 3729 1093 3784 110n.
1107 3733 1131 3793 5,
1146 3734 1186 3787 re.
1253 3730 1298 3799 ra]

154 3812 249 3870 reor.
264 3819 304 3881 15,
316 3818 358 3871 aa.
425 3816 660 3885 19]Ecoli.1a,1.
726 3817 772 3886 ar]
796 3816 952 3886 (escas).
1018 3817 1065 3886 aa]
1084 3817 1127 3871 rs.
1143 3819 1199 3880 119,
1214 3821 1240 3872 5.

201 4006 332 4077 aprobat
348 4025 372 4076 o,
389 4007 560 4078 probatqu
612 4010 629 4062 3
646 4011 688 4061 est
699 4008 796 4075 Rosea,
815 4010 842 4061 et
858 4007 901 4063 Oo
955 4010 970 4062 't
989 4006 1093 4061 uirebat
1110 4026 1133 4076 o,
1152 4007 1262 4061 uerebat
1277 4007 1300 4063 0

156 4093 265 4163 9ipsae
277 4095 375 4163 aoso,
392 4094 449 4164 ipse
465 4093 508 4150 Oo
563 4096 595 4151 13
613 4094 696 4147 miror
713 4112 737 4160 o,
756 4094 881 4149 minorO
936 4097 967 4149 19
985 4110 1077 4163 pacem
1094 4094 1131 4150 0¹
1185 4097 1216 4150 21
1237 4111 1298 4148 sena

160 4181 213 4249 Oo,
231 4181 285 4235 fine
302 4183 342 4236 cd.
358 4181 436 4236 Grin.
449 4183 481 4236 in
499 4199 559 4251 ηιμ,
577 4181 633 4234 seni
652 4181 680 4248 (i.
694 4198 714 4235 e.
728 4181 805 4250 senii)
823 4183 887 4249 fort.
940 4181 992 4249 ipsi
1008 4182 1039 4251 0,
1057 4180 1135 4236 sibio
1188 4185 1222 4237 23
1237 4198 1299 4251 pro-

157 4266 261 4321 latabat
282 4267 305 4323 0
357 4270 391 4323 26
408 4267 623 4322 halabernaoulis
642 4269 656 4335 (
672 4268 703 4335 ')
726 4268 748 4322 0
