3036 4770
574 340 977 408 mmmmmwam
1287 326 1349 391 1OE

252 511 302 576 25.
327 513 396 577 Nou
420 514 504 578 enim
526 513 565 578 ab
588 516 733 578 humanis
757 516 953 598 opinionibus
978 535 1034 579 nec
1061 535 1080 580 a
1102 517 1252 581 fabulosis
1276 537 1349 601 poe-

208 622 312 682 tarum
335 619 463 683 somniis
490 623 544 682 aut
567 619 818 701 philosophorum
844 620 1073 702 phantasmatis
1096 626 1167 704 post
1189 622 1348 686 hominem

208 723 314 787 futura
340 724 526 806 colligimus
557 724 611 787 sed
639 724 677 787 ab
706 725 772 806 ipso
795 725 880 788 fonte
906 725 1047 789 ueritatis
1071 727 1231 790 haurimus
1255 726 1349 790 fidem

208 845 323 890 rerum.
362 828 430 908 quis
458 831 563 891 autem
587 829 688 910 potuit
711 829 817 892 diuina
843 830 943 911 magis
967 847 1060 910 quam
1084 829 1159 893 deus
1187 830 1253 913 ipse
1276 848 1349 913 ope-

170 957 182 995 o
209 949 279 994 rum
307 936 338 995 ct
365 936 554 996 statutorum
582 951 709 997 suorum
737 933 880 997 conscius
908 937 1022 998 nosse?
1060 952 1121 999 uon
1148 935 1290 999 traduces
1317 935 1348 998 in

209 1053 336 1118 corpora
363 1036 464 1100 alicua
490 1037 620 1117 animae,
652 1042 687 1100 ut
709 1038 773 1101 siut
795 1042 935 1102 monstra
956 1041 1026 1119 post
1048 1038 1218 1119 homiuem,
1249 1057 1349 1119 nequo

209 1140 335 1204 omniuo
365 1142 432 1204 siue
462 1158 588 1224 corpore
615 1160 834 1224 permansuras
865 1146 920 1205 aut
948 1143 979 1206 in
1010 1160 1136 1225 corpore
1164 1143 1350 1206 mentiemur

209 1244 361 1309 occiduae.
386 1245 586 1309 blandiantur
609 1245 669 1309 sibi
694 1246 862 1310 mendaciis
885 1251 1048 1329 poetarum
1072 1247 1124 1328 qui
1148 1264 1209 1311 uon
1232 1246 1350 1311 habeut

208 1349 349 1412 ueritatis
372 1350 548 1432 prophetas.
583 1353 748 1413 caecentur
771 1351 967 1431 opinionibus
991 1351 1129 1414 erraticis
1152 1350 1350 1434 philosopho-

159 1479 182 1516 ιο
209 1471 280 1516 rum
303 1453 356 1534 qui
383 1471 445 1517 uon
472 1454 700 1518 inluminantur
727 1455 913 1518 testimoniis
941 1456 1151 1537 apostolorum
1180 1459 1270 1519 etse
1297 1455 1350 1517 de-

210 1557 386 1638 speratione
414 1558 554 1621 solentur
581 1559 633 1639 qui
661 1577 748 1640 spem
780 1575 842 1622 nou
869 1559 987 1623 habeut
1013 1559 1164 1622 diceutes:
1200 1557 1349 1622 umbrae

210 1662 394 1725 transitus
429 1667 485 1727 ost
519 1666 663 1745 tempus
698 1665 878 1742 nostrum,
917 1667 953 1727 et
988 1681 1057 1727 uon
1096 1667 1153 1727 est
1186 1663 1349 1728 reuersis

209 1764 299 1829 sinis
334 1769 468 1846 nostri,
501 1767 674 1848 quoniam
706 1768 949 1850 consignatus
985 1770 1055 1848 est,
1090 1770 1126 1831 ct
1159 1785 1264 1832 nemo
1297 1787 1350 1830 re-

210 1874 392 1949 uertatur,
417 1871 469 1952 qui
492 1872 646 1935 excaecati
670 1871 825 1953 nequitiae
848 1875 879 1935 et
901 1870 1094 1935 infidelitatis
1117 1890 1192 1935 suae
1214 1871 1350 1940 tenebris

163 1998 185 2036 n
212 1991 273 2037 uou
297 1980 429 2057 possunt
452 1975 565 2038 dicere:
595 1975 701 2039 credo
725 1975 852 2039 uidere
875 1976 969 2039 bona
991 1976 1129 2039 domiui
1152 1976 1189 2039 iu
1212 1975 1350 2039 lumine

211 2079 428 2142 uiuentium.
475 2098 530 2143 nos
563 2097 636 2143 uero
664 2083 729 2143 taur
760 2081 865 2162 egenis
896 2080 1041 2143 remediis
1072 2099 1133 2144 nou
1161 2080 1350 2163 indigemus,

211 2182 324 2264 quibus
347 2183 416 2265 ipsa
437 2185 561 2263 ueritas
586 2184 634 2247 dei
657 2183 789 2247 uerbum
813 2184 899 2263 deus,
919 2184 1177 2248 resurrectionem
1194 2184 1295 2248 carnis
1319 2184 1350 2247 in

212 2287 309 2351 uitam
342 2293 501 2352 aeternam
532 2293 563 2353 et
597 2289 763 2371 spopondit
792 2289 906 2353 docens
941 2293 972 2353 et
1000 2289 1144 2372 probauit
1173 2307 1349 2372 resurgens,

211 2392 277 2474 ipse
305 2392 388 2456 euim
412 2392 461 2455 dei
484 2392 575 2473 tilius,
606 2412 774 2475 perquem
803 2393 907 2457 omnia
934 2396 966 2456 ct
992 2394 1059 2456 siue
1082 2411 1142 2475 quo
1166 2393 1253 2474 nihil,
1283 2393 1350 2475 ipse

163 2518 186 2557 so
212 2499 344 2559 test-atus
369 2501 429 2560 est:
461 2515 526 2580 ego
550 2516 628 2560 sum
651 2498 889 2571 resurrectio;
914 2498 974 2578 qui
1001 2498 1119 2562 credit
1142 2497 1177 2560 in
1202 2516 1269 2576 me,
1301 2501 1351 2561 et-

213 2600 243 2663 si
266 2603 432 2664 mortuus
455 2601 585 2680 fuerit,
612 2601 729 2682 uiuet,
757 2604 792 2665 et
814 2603 946 2680 omnis,
975 2602 1036 2683 qui
1058 2601 1155 2664 uiuit
1178 2604 1213 2664 et
1235 2599 1352 2664 credit

213 2702 249 2767 iu
273 2722 340 2784 me,
368 2722 438 2768 uon
466 2705 643 2769 morietur
665 2705 702 2768 iu
726 2708 926 2769 aeteruum.
965 2704 1045 2786 quod
1069 2724 1107 2768 ue
1131 2703 1225 2768 uerho
1249 2704 1350 2767 solum

212 2807 379 2889 adsereret,
409 2811 512 2872 sanxit
539 2809 679 2891 exemplo
707 2828 860 2891 suumque
888 2811 1001 2891 ipsum,
1032 2809 1065 2872 in
1087 2826 1148 2890 quo
1175 2808 1277 2871 omnis
1301 2827 1353 2871 su-

212 2913 339 2994 sceptio,
361 2914 520 2977 homiuem
539 2913 759 2977 resuscitatum
780 2931 798 2977 a
818 2914 948 2977 mortuis
972 2916 1003 2976 et
1025 2911 1163 2976 ostendit
1183 2911 1351 2994 discipulis

161 3040 186 3079 25
213 3016 246 3079 iu
273 3021 374 3082 semet
400 3019 467 3100 ipso
494 3018 588 3082 fidem
616 3020 717 3081 caruis
744 3018 927 3101 adsignans,
958 3036 1029 3081 cum
1060 3017 1153 3080 dicit
1179 3016 1351 3080 Thomas:

214 3120 309 3184 infer
332 3121 488 3204 digitum
512 3126 613 3186 tuum
637 3123 706 3186 huc
733 3127 769 3186 et
794 3122 877 3185 uide
901 3141 1029 3185 manus
1054 3139 1167 3195 meam
1198 3124 1233 3184 et
1255 3120 1353 3183 infer

213 3242 360 3290 manum
395 3230 494 3290 tuam
527 3227 597 3291 huc
632 3231 667 3290 et
700 3229 804 3291 mitte
838 3228 874 3291 iu
909 3228 1006 3291 latus
1041 3245 1173 3306 meum,
1208 3229 1244 3288 et
1278 3223 1353 3288 noli

214 3348 295 3393 esse
326 3330 541 3395 incredulus
572 3331 635 3395 sed
661 3331 804 3411 fidelis,
836 3332 920 3413 quia
952 3331 1108 3415 spiritus
1142 3347 1290 3393 caruem
1318 3332 1353 3391 et

214 3453 298 3499 ossa
320 3452 390 3499 nou
414 3435 540 3514 haioet,
564 3436 662 3499 sicut
685 3454 739 3499 me
762 3435 959 3499 habentem
983 3434 1128 3499 uidetis.

320 3604 1352 3676 mmaanffimm.mmmmm.mmmm.

214 3694 451 3762 mmwwn

257 3853 436 3907 2somuisL
491 3852 681 3920 filosophorum
698 3853 753 3906 Lu
805 3850 974 3904 fantasmatis
997 3849 1065 3918 OF,
1084 3846 1289 3903 fantasmatibus
1307 3854 1352 3904 cet.

215 3938 281 3994 aab
300 3958 350 3995 om.
371 3940 436 3993 ΒΜ
496 3940 707 3995 5statoru1u0
772 3955 880 3991 suorum
900 3942 927 3991 ct
945 3942 1107 3991 statutorum
1127 3937 1164 3991 M
1231 3951 1309 3988 nosce
1331 3936 1357 3989 t*

214 4028 390 4081 9ccnsentur
408 4026 438 4080 F
487 4025 671 4094 opiniobusO
726 4029 757 4080 10
775 4024 996 4079 inluminaturt)
1051 4026 1081 4078 lt
1101 4022 1228 4076 exeant)
1280 4024 1353 4075 tene-

214 4110 270 4166 bris
292 4131 344 4169 om.
361 4113 446 4169 FPU
514 4116 545 4168 15
568 4112 681 4179 lumine]
705 4112 733 4165 iu
756 4115 828 4165 terra
850 4112 880 4166 F
949 4113 980 4165 18
1004 4108 1100 4162 docens
1128 4111 1178 4178 Oc,
1200 4109 1352 4174 onaFPU,

216 4198 305 4253 dicens
324 4201 389 4254 ΕΜ
446 4202 479 4255 ‘20
498 4199 666 4267 resurreetio]
686 4203 712 4251 ct
730 4199 787 4251 uita
804 4199 945 4252 addLM
1003 4195 1108 4249 etiamsi
1131 4197 1158 4251 U
1214 4197 1249 4250 23
1267 4195 1353 4247 omnis

215 4286 302 4338 omnis
320 4288 346 4341 U
394 4288 428 4341 24
447 4292 473 4338 et
491 4305 540 4341 ona
556 4287 620 4340 LM
668 4288 701 4340 at
715 4289 741 4338 et
754 4285 892 4352 assignans
905 4283 990 4338 FPU
1039 4281 1314 4351 thomcFOP‚toma
1331 4283 1356 4336 U
