3052 4784
578 327 724 398 epistula
742 327 849 392 XXXX,
868 346 889 383 o.
904 331 1013 385 11-12.
1295 312 1359 377 355

218 505 344 570 nuntiat
371 505 510 569 moribus
537 504 602 568 suis
630 508 660 568 el
688 524 721 568 se
749 505 872 569 abdicat
897 504 965 585 sibi,
997 505 1129 568 utillud
1153 505 1359 570 fortissimum

218 609 268 672 dei
296 608 427 674 uerbum
456 609 589 691 inpleat:
625 609 687 691 qui
716 609 845 692 perdet
880 609 1041 673 animam
1075 627 1178 672 suam
1208 613 1359 692 propter

217 732 273 777 me
303 714 474 779 inueniet
504 733 593 778 eam.
631 713 709 778 baec
736 714 854 778 domini
880 713 1078 778 recordantes
1106 713 1304 777 effundamus
1325 714 1359 777 in

216 819 308 882 illum
339 819 477 883 animam
507 823 657 898 nostram,
689 820 720 881 et
747 818 815 901 ipse
842 836 898 882 nos
927 819 1062 882 enutriet
1089 821 1121 881 et
1143 816 1358 881 absconditam

177 951 190 989 a
216 924 249 987 in
280 942 314 987 se
343 923 443 988 uitam
473 926 613 987 nostram
641 922 763 987 fouebit
793 925 824 986 et
854 941 887 987 se
917 940 990 986 cum
1016 922 1115 1005 gloria
1138 919 1300 1002 reuelabit‚
1331 920 1358 984 si
1444 908 1450 915 ’

216 1031 325 1092 tamen
347 1046 403 1110 pro
426 1028 484 1092 hae
508 1027 617 1090 eadem
640 1027 747 1090 anima
769 1044 893 1091 oremus
921 1026 953 1091 in
982 1031 1121 1109 tempore
1148 1030 1300 1108 oportuno
1326 1025 1358 1088 id

218 1136 267 1196 est
281 1151 365 1196 nunc
380 1133 411 1196 in
427 1132 487 1196 isto
504 1133 637 1196 saeculo.
662 1132 698 1195 in
718 1131 866 1195 inferno
887 1132 984 1195 enim
1005 1132 1087 1212 quis
1111 1130 1358 1195 confitebitur

218 1236 273 1300 ei?
309 1235 380 1300 istic
409 1236 560 1300 morimur
590 1236 736 1318 peccatis,
771 1254 810 1298 ne
843 1235 909 1299 illic
942 1235 1087 1299 uiuamus
1117 1235 1235 1317 poenis.
1273 1251 1357 1298 mors

218 1341 313 1420 enim,
336 1358 415 1420 quae
436 1339 573 1403 secunda
589 1340 709 1419 dicitur,
725 1338 804 1403 nihil
822 1343 871 1403 est
886 1339 969 1403 aliud
986 1357 1080 1421 quam
1096 1339 1161 1403 uita
1175 1356 1356 1423 poenamm.

165 1472 191 1512 ro
264 1442 313 1507 12.
338 1443 514 1508 Caueamus
537 1445 631 1526 igitur
654 1443 693 1507 ab
716 1443 860 1507 inferiore
877 1444 1010 1523 inferno,
1033 1441 1088 1507 ubi
1108 1462 1219 1526 corpus
1239 1447 1272 1507 et
1291 1442 1358 1506 ani-

216 1566 302 1612 mam
329 1548 475 1632 gehenna
502 1547 661 1629 torquebit
683 1550 847 1611 aeternnm
870 1548 1022 1612 moriente
1044 1548 1215 1631 peccatoris
1242 1547 1356 1625 anima,
1435 1580 1436 1584 =

215 1641 420 1734 permanente
451 1670 546 1716 sensu
581 1656 611 1715 ef
642 1652 774 1715 durante
803 1652 936 1716 materia
965 1653 1179 1735 cormptionis.
1218 1669 1292 1715 nam
1324 1654 1359 1714 et

216 1758 367 1837 mortui,
398 1760 433 1820 ut
459 1756 610 1838 scriptum
638 1759 696 1836 est,
727 1759 927 1839 resurgent
953 1756 1175 1838 incorrupti,
1206 1773 1267 1820 non
1290 1755 1358 1838 glo·

215 1863 279 1926 riae
303 1861 528 1925 inmortalitate
551 1861 605 1924 sed
628 1878 755 1943 poenae.
794 1860 927 1924 infelix
955 1879 1021 1944 ego
1044 1861 1163 1941 homo,
1194 1860 1275 1942 quis
1301 1877 1357 1922 me

164 1994 190 2031 ιι
216 1963 398 2030 liberabit
421 1965 463 2028 de
490 1982 643 2047 corpore
670 1965 801 2029 mortis
824 1964 957 2028 buius?
995 1965 1165 2030 dominus
1189 1963 1298 2028 fortis
1323 1965 1359 2026 et

216 2074 363 2153 potens,
394 2069 566 2133 dominus
588 2072 720 2151 potens
744 2069 781 2133 in
803 2068 960 2151 proelio,
991 2070 1043 2151 qui
1066 2073 1192 2133 nectes
1215 2068 1356 2132 ferreos

217 2173 404 2258 confregit
435 2177 467 2237 et
495 2173 713 2237 bumiliauit
746 2173 1070 2254 calumniatorem,
1105 2177 1140 2236 ut
1174 2173 1359 2237 exaltaret

217 2298 272 2343 me
306 2279 349 2342 de
381 2277 502 2360 portis
537 2277 668 2341 mortis
700 2279 735 2341 et
764 2295 954 2341 narrarem
985 2277 1174 2342 mirabilia
1208 2277 1286 2341 eius
1320 2275 1357 2339 in

216 2383 335 2465 portis
358 2381 464 2446 filiae
488 2379 583 2446 Sion.
622 2380 821 2446 benedicat
848 2400 913 2446 uos
937 2383 1106 2447 dominns
1130 2401 1171 2446 en
1194 2381 1294 2461 Sion,
1322 2383 1358 2444 et

164 2514 191 2552 ιο
217 2487 377 2551 uideatis
406 2503 498 2567 quae
521 2485 617 2549 bona
644 2491 718 2550 sunt
740 2486 978 2550 Hierusalem
1005 2492 1037 2550 et
1063 2487 1157 2551 oretis
1184 2504 1240 2568 pro
1267 2484 1357 2549 nobis

216 2590 387 2655 omnibus
415 2588 546 2654 diebus
573 2591 675 2654 uitae
706 2594 871 2670 uestrae,
902 2594 938 2654 ut
967 2592 1087 2672 portio
1115 2595 1243 2655 nostra
1272 2607 1357 2653 com·

217 2696 354 2760 muniter
376 2696 416 2759 sit
438 2695 474 2758 in
498 2699 599 2759 terra
623 2694 844 2759 uiuentium.

321 2937 350 3006 a]
369 2937 536 3000 Ioniaas.
591 2935 619 3005 ι]
638 2936 757 2999 enea
813 2934 1074 3005 121100r.15‚5a.
1130 2935 1173 3005 ιι]
1192 2935 1356 3000 somnae.

218 3024 418 3094 151esaaa.
487 3022 531 3092 ro]
551 3022 721 3088 carcerc.
790 3021 834 3091 ιι]
852 3022 896 3075 cs.
910 3024 951 3087 ιι,
964 3025 988 3077 r.
1054 3023 1097 3078 es.
1111 3026 1135 3091 a,
1150 3025 1190 3080 ra.
1205 3026 1244 3079 15.
1312 3022 1357 3091 19]

217 3112 373 3176 perans.
426 3110 645 3179 annerum.

261 3362 472 3420 lfortisaimum
490 3362 567 3416 illum
587 3363 672 3418 FPU
729 3360 877 3419 auerbum
896 3380 946 3418 om.
960 3364 998 3418 M
1058 3362 1177 3427 dhaet
1241 3361 1355 3431 domini]

216 3468 298 3522 uerba
320 3468 384 3522 odd.
408 3468 444 3521 M
511 3466 672 3520 effundimus
694 3466 779 3523 FPU
845 3467 913 3522 5in
936 3483 963 3520 oe
985 3485 1035 3523 om.
1060 3467 1090 3521 F
1165 3483 1255 3520 secum
1282 3466 1357 3522 FUr

219 3538 325 3649 ¹¹²gloria
341 3579 371 3649 (¹⁸
391 3581 498 3647 m.2)r
559 3580 690 3633 reuelauit
702 3580 738 3647 χ1
801 3579 884 3634 thee
902 3579 933 3634 F
990 3581 1138 3648 opportuno
1158 3581 1214 3636 PU
1268 3578 1355 3631 idest

215 3668 323 3736 scapo,
346 3665 418 3736 qnod
437 3668 478 3720 eat
495 3668 536 3733 M,
555 3670 595 3719 est
612 3667 688 3735 Ενχ,
706 3669 733 3720 et
749 3668 795 3734 βλ,
814 3683 865 3721 cm.
879 3673 924 3721 oct.
990 3665 1061 3735 8ei]
1080 3666 1129 3720 tibi
1148 3667 1233 3722 FPU
1299 3680 1355 3719 mo-

215 3755 317 3807 riamur
337 3753 370 3810 r'
390 3755 478 3810 Roew.
549 3754 675 3822 inponis
697 3753 782 3810 FPU
856 3753 978 3808 9eenim
996 3753 1027 3807 F
1093 3751 1166 3806 abad
1184 3757 1225 3807 est
1247 3753 1359 3810 FLPU

217 3843 249 3897 10
268 3841 358 3894 anime
379 3842 406 3896 U
461 3843 491 3896 ll
511 3840 539 3894 in
557 3845 695 3894 aeternum
713 3838 844 3908 L’M'g8
899 3842 932 3895 12
950 3842 1074 3893 manente
1091 3841 1179 3895 Roaw.
1240 3839 1354 3896 151111-

215 3928 287 3981 rauit
307 3926 371 3996 νὴ(1
461 3930 493 3984 16
516 3927 627 3996 ferreos]
650 3927 742 3981 hereos
764 3926 799 3994 F,
823 3942 895 3980 creos
922 3927 980 3982 PU
1065 3929 1097 3982 18
1125 3927 1164 3996 et]
1192 3930 1223 3980 ut
1244 3927 1356 3982 Leborm

215 4030 320 4068 narrem
338 4015 423 4072 FPU
482 4017 514 4070 19
532 4015 608 4067 exion
631 4016 657 4070 U
711 4016 745 4070 20
768 4014 796 4066 in
819 4012 979 4066 hierusalem
1001 4013 1124 4081 murex,
1147 4012 1176 4065 in
1198 4013 1276 4066 ierim
1301 4015 1356 4080 Μβ

216 4104 248 4158 21
272 4105 299 4157 et
317 4103 348 4157 F
413 4102 562 4155 communis
579 4106 597 4167 β
662 4104 695 4158 22
713 4101 864 4155 uiuentium
881 4099 943 4153 finit
960 4099 1005 4153 11-
1024 4119 1048 4169 r,
1070 4099 1228 4154 uiuentium.
1247 4099 1356 4169 Finitg

215 4191 356 4260 epistolam
379 4191 635 4260 coaequationem
660 4190 838 4258 {melotinae
864 4188 979 4257 φὶείοῑα
1000 4192 1034 4242 41
1056 4189 1089 4242 ios
1115 4188 1146 4257 U,
1168 4188 1249 4244 uerbo
1272 4188 1356 4242 eonti-

215 4280 314 4330 nuatur
331 4278 469 4333 amaricato
487 4278 518 4331 tn
535 4276 596 4331 FP.

1149 4363 1200 4413 23*
