3036 4770
335 306 506 378 appendix.
526 308 669 378 epistula
688 309 725 364 ad
744 310 940 376 Celaneiam,
959 328 980 366 c.
996 315 1104 370 18-21.
1225 298 1288 362 451

197 493 247 547 20.
267 487 348 546 Nihil
364 488 468 547 habeas
490 488 650 549 humilitate
669 491 866 564 praestantius
885 491 1014 565 nihilque
1035 492 1199 563 amabilium
1220 483 1299 553 haec'

151 584 198 641 est
219 582 294 641 enim
317 583 470 658 praecipua
492 585 688 644 consumatrix
711 588 740 644 et
762 586 845 660 quasi
867 589 963 645 custos
987 589 1125 661 quaedam
1149 588 1290 647 uirtutum

151 677 289 749 omnium,
310 679 441 753 nihilque
455 683 508 751 est,
525 681 598 754 quud
615 699 667 741 nos
687 680 729 740 ita
744 684 772 741 et
788 681 950 741 hominibus
968 685 1067 758 gratos
1083 685 1111 742 et
1126 685 1177 743 deo
1192 681 1290 754 iaciat,

151 789 237 847 quarn
260 774 285 832 si
304 774 380 833 uitae
401 775 501 836 merito
520 776 627 851 magni,
652 776 812 836 bumilitate
837 776 929 836 infimi
951 777 1055 848 simus;
1079 781 1194 853 propter
1216 779 1290 853 qnod

109 884 123 921 a
152 868 295 943 scriptura
310 869 392 929 dicit:
413 874 542 945 quanto
563 889 706 947 maguus
727 891 776 942 us,
797 875 895 932 tanto
915 876 947 933 te
963 874 1108 932 humilia
1127 877 1160 932 ut
1180 891 1289 934 coram

152 966 212 1024 deu
238 965 401 1025 inuenies
423 966 586 1041 gratiam,
607 970 636 1026 et
658 968 727 1027 daus
750 968 875 1042 loquitur
901 987 952 1043 per
978 970 1158 1044 prophetam:
1187 986 1291 1043 super

152 1078 248 1133 quem
278 1061 382 1120 alium
413 1062 626 1136 requiescam
657 1064 727 1123 nisi
759 1081 861 1139 snper
891 1065 1051 1124 humilem
1078 1068 1111 1125 et
1137 1065 1289 1139 quietum

152 1159 185 1214 et
211 1158 413 1216 trementem
440 1162 545 1217 uerba
571 1177 649 1218 mea.
681 1177 779 1218 uerum
806 1163 837 1219 tu
865 1178 926 1219 eam
949 1161 1139 1220 humilitatem
1162 1177 1289 1234 sequere,

152 1269 211 1310 non
231 1270 303 1327 quae
323 1253 485 1313 ostenditur
504 1257 589 1328 atque
610 1255 761 1314 simulatur
780 1258 863 1330 gestu
888 1256 1014 1331 corporis
1036 1259 1087 1316 aut
1108 1255 1200 1315 fractu
1222 1273 1290 1315 uoce

98 1373 124 1410 ru
153 1350 312 1420 uerborum,
328 1350 377 1408 sud
394 1367 466 1423 quau
481 1368 552 1424 puro
568 1351 670 1410 affectu
686 1351 777 1410 cordis
794 1351 969 1425 exprimitur.
986 1352 1063 1411 aliud
1079 1354 1124 1411 est
1139 1352 1219 1411 enim
1229 1351 1290 1409 air·

151 1447 242 1504 tutum
263 1443 376 1517 habere,
396 1445 472 1504 alind
493 1446 610 1504 uirtutis
631 1445 861 1514 similitudinum
885 1446 962 1505 aliud
983 1449 1142 1507 astrorum
1162 1450 1290 1506 umbram

152 1540 243 1614 sequi,
259 1539 337 1599 aliud
353 1541 512 1601 ueritatem,
529 1543 618 1601 multo
631 1542 680 1600 illa
695 1541 846 1601 deformior
857 1543 902 1601 est
916 1543 1059 1617 superbia,
1076 1559 1147 1617 quae
1160 1545 1213 1601 sub
1225 1541 1289 1615 qui·

152 1637 270 1695 busdam
290 1637 461 1697 humilitatis
481 1637 574 1713 signis
594 1637 673 1696 latet.
705 1637 801 1697 nescio
819 1637 895 1696 enim
915 1639 1052 1712 quomodo
1072 1638 1201 1712 turpiora
1221 1638 1291 1694 sunt

153 1730 233 1802 uitia,
249 1749 313 1791 cnm
328 1733 468 1792 uirtutum
485 1733 579 1808 specie
595 1734 733 1792 celantur.

100 1850 125 1889 ru
197 1832 246 1887 21.
267 1829 347 1887 Nulli
363 1831 390 1888 ta
406 1846 537 1903 umquam
554 1831 587 1889 de
603 1829 718 1905 generis
734 1829 883 1888 nobilitate
902 1846 1061 1903 praeponas
1077 1846 1130 1888 nau
1145 1827 1289 1888 obscurio·

152 1938 199 1982 res
215 1942 342 1997 quasque
358 1927 386 1983 ut
401 1925 550 1985 humiliore
566 1926 625 1986 locu
642 1927 726 1984 natas
742 1927 771 1983 tu
786 1924 937 1984 inferiores
952 1927 1045 1999 putes.
1078 1923 1170 1983 nescit
1188 1923 1288 1998 religio

153 2021 254 2078 nostra
264 2038 402 2094 personas
414 2038 466 2080 neu
478 2021 656 2081 conditiones
668 2020 824 2091 hominum,
841 2022 890 2080 sud
904 2021 1015 2079 animos
1031 2019 1160 2094 inspicit,
1175 2036 1290 2078 seruum

153 2117 182 2173 ut
201 2114 324 2176 nubilem
344 2118 378 2175 du
397 2116 522 2176 muribus
542 2117 720 2192 pronuntiat.
753 2115 815 2175 solu
834 2117 909 2190 apud
929 2117 1010 2175 deum
1031 2115 1147 2174 libertas
1168 2117 1212 2175 ast
1232 2132 1291 2174 nun

153 2211 261 2271 seruire
276 2212 409 2286 peccatis.
446 2229 556 2271 summa
571 2214 615 2270 est
630 2214 705 2286 apud
721 2213 803 2270 duum
820 2211 956 2270 nobilitas
971 2211 1078 2269 clarum
1094 2227 1157 2269 usse
1173 2210 1290 2269 uirtuti·

99 2329 127 2367 su
152 2308 216 2366 bus.
247 2307 315 2381 quid
335 2308 408 2381 apud
430 2309 511 2367 duum
531 2308 561 2366 in
577 2307 649 2367 uiris
666 2307 791 2367 nobilius
807 2307 902 2378 Petro,
922 2306 972 2381 qui
987 2305 1112 2381 piscator
1127 2305 1202 2364 fuit?
1223 2305 1291 2380 quid

153 2401 184 2460 in
199 2401 316 2462 feminis
336 2406 420 2462 beata
434 2403 526 2461 Maria
544 2403 698 2474 illustrius,
718 2420 791 2477 quae
810 2401 885 2462 fabri
905 2419 1013 2476 sponsa
1032 2401 1221 2461 describitur?
1241 2402 1291 2460 sed

153 2496 197 2555 illi
211 2497 346 2572 piscatori
362 2500 391 2558 ut
404 2499 524 2573 pauperi
535 2498 667 2558 caelestis
678 2498 762 2574 regni
773 2516 790 2556 a
802 2498 914 2557 Christo
927 2498 1082 2557 creduntur
1097 2497 1206 2565 claues;
1222 2496 1291 2555 haec

153 2609 260 2666 sponsa
275 2592 350 2652 fabri
365 2593 443 2653 illius
458 2582 563 2653 meruit
578 2612 641 2655 esse
657 2597 758 2666 matur,
777 2611 795 2651 a
814 2611 869 2667 quo
889 2593 968 2667 ipsae
988 2592 1084 2652 omnes
1104 2593 1185 2651 damu
1205 2594 1290 2661 srmt3

256 2807 284 2876 ι]
303 2805 469 2871 aestuare.
523 2807 551 2876 ι]
570 2807 699 2872 aseer.
752 2806 798 2875 uu]
817 2805 1036 2874 (nascerere).

198 3015 299 3073 lnihil
317 3017 378 3086 (que
396 3016 460 3084 um.)
477 3033 498 3071 ιι
549 3015 743 3072 2ubsuruatrix
761 3025 808 3083 ιιψ
861 3015 980 3069 omnium
992 3014 1126 3069 uirtutum
1143 3034 1163 3070 a
1214 3013 1290 3070 3ni-

153 3102 206 3158 clril
228 3104 370 3174 (qucum.)
388 3122 429 3160 su
511 3122 555 3174 pr.
574 3103 612 3172 et]
636 3102 669 3157 ab
692 3121 713 3158 ιι
798 3105 815 3157 4
837 3102 933 3156 merito
956 3117 1067 3170 magnae
1089 3101 1249 3156 humilitatis
1271 3119 1293 3157 ιι

153 3208 276 3246 ιιιιιιιιιιι
322 3190 405 3261 quud]
424 3200 516 3260 quau
568 3193 677 3246 tanto
695 3200 806 3257 omum
858 3189 1015 3243 humiliate
1034 3189 1062 3242 in
1080 3187 1291 3256 omnibusuuup

153 3282 170 3335 6
188 3279 311 3334 dominus
328 3291 376 3348 ιιψ
454 3278 511 3348 pur]
531 3277 564 3331 ad
583 3297 600 3330 υ
678 3281 696 3334 8
717 3277 799 3331 uerba
817 3294 876 3330 mea
896 3296 970 3347 xpo,
992 3293 1126 3331 sermones
1149 3292 1221 3330 meos
1243 3287 1291 3343 ιιψ

153 3383 246 3421 uerum
270 3370 301 3421 tu
324 3382 383 3420 eam
405 3384 476 3436 ayo,
500 3366 683 3419 uerumtamen
707 3380 765 3417 eam
788 3381 815 3431 ιι,
840 3366 1042 3432 uerumptamen
1067 3374 1090 3431 ψ
1164 3366 1180 3418 9
1199 3362 1289 3431 utque]

153 3456 200 3508 aut
227 3465 250 3523 ψ
319 3454 438 3507 fractura
464 3452 551 3506 cordis
578 3451 784 3518 (uoce-affectu
811 3450 873 3517 um.)
894 3469 911 3502 u
987 3452 1018 3506 ll
1040 3451 1087 3504 ult.
1109 3449 1194 3518 aliud]
1218 3449 1289 3502 aliud

153 3541 224 3596 enim
241 3559 261 3597 ιι
348 3539 456 3594 umbras
478 3550 526 3607 ιιψ
596 3541 629 3594 12
656 3538 767 3592 uitatem
793 3555 821 3605 ιι,
847 3537 975 3590 uirtutem
1001 3554 1019 3588 u
1087 3534 1147 3602 sub]
1171 3551 1249 3603 super
1271 3553 1291 3588 ιι

155 3656 187 3710 13
205 3670 256 3723 quo
275 3654 346 3708 enirn
365 3652 444 3707 modo
462 3671 479 3704 υ
552 3654 582 3708 11
606 3617 666 3705 giudi
685 3651 749 3719 (qm
767 3652 878 3718 m.2);u
950 3652 981 3704 15
1004 3664 1139 3715 uurrquaru
1158 3666 1174 3699 u
1245 3662 1290 3699 ue-

153 3758 203 3811 quc
225 3752 273 3810 ιιψ
343 3739 508 3794 obscuriores
531 3739 659 3807 quasque]
682 3737 849 3808 pauperiores
872 3736 947 3803 quasi
970 3746 992 3802 ψ
1064 3737 1095 3790 lli
1121 3737 1149 3787 et
1170 3752 1220 3789 oua.
1243 3744 1290 3801 ιιψ

152 3829 331 3898 1ιιιιιιὶΙίοιὶψ
383 3828 521 3882 inferiores
540 3830 608 3893 teu
663 3828 693 3881 17
706 3823 843 3894 personas]
863 3823 980 3890 accipere
993 3822 1117 3888 adduct
1169 3820 1289 3890 inspicit]

153 3915 320 3986 singulorum
339 3916 464 3983 adduct
528 3917 559 3970 18
577 3916 618 3967 est
635 3931 685 3969 uua.
704 3931 721 3964 u
777 3915 808 3967 19
826 3909 896 3979 apud
916 3927 976 3963 eum
995 3913 1036 3962 est
1053 3919 1102 3976 ιιψ
1164 3907 1289 3962 nobilitas

153 4008 234 4073 estur
286 4003 604 4072 20qui-iuituua.aepu
658 3999 785 4069 piscatur]
798 4002 825 4051 et
836 4014 937 4068 pauper
948 3997 1011 4052 add.
1025 3996 1113 4052 Rusio.
1167 3997 1198 4050 21
1214 3994 1291 4049 beata

153 4097 181 4148 et
197 4091 312 4161 gloriosa
330 4091 434 4160 uirgine
446 4089 531 4143 maria
549 4087 678 4142 illustrius
695 4105 744 4156 (ιι,
763 4085 893 4140 illustrius
911 4084 965 4138 iuit
976 4082 1055 4137 beatu
1067 4083 1150 4136 maria
1167 4100 1194 4151 ιι,
1213 4081 1290 4135 beata

154 4179 238 4234 maria
255 4178 387 4233 illustrius
405 4177 499 4245 luitur
562 4191 628 4243 quae
646 4193 696 4231 uua.
715 4192 733 4226 υ
796 4189 891 4242 sponsa
910 4170 979 4225 iabri
997 4189 1018 4226 ιι
1080 4173 1114 4226 22
1133 4169 1289 4239 creduntur]

154 4266 329 4334 donanturrp
381 4268 414 4321 23
433 4263 604 4319 mansitasse
622 4265 707 4317 mater
724 4260 797 4315 illius
814 4271 862 4328 ιιψ
920 4259 1011 4328 ipscy
1118 4345 1133 4377 ι

1085 4348 1117 4398 29
