3052 4784
594 311 739 382 epistula
756 311 818 376 mr,
837 330 858 367 ο.
871 315 965 370 o-rn.
1311 296 1354 362 83

214 486 356 553 debitum
388 489 544 572 peccatori
576 489 689 571 populo
725 489 886 552 interitum
924 490 1127 554 comminanti
1164 489 1355 576 oblationem
1461 560 1463 566 ,

215 611 288 657 suae
322 593 426 676 potius
461 591 638 657 abolitionis
671 597 859 676 opponeret,
896 594 1019 657 diuinae
1035 624 1038 628 >
1053 594 1197 658 uidelicet
1229 596 1354 677 pietatis

213 698 411 780 iustitiaeque
439 715 581 777 securus,
611 701 647 762 ut
675 701 817 779 parceret
847 701 879 762 et
906 699 1030 762 iniustis
1061 699 1273 764 misericordia
1302 699 1355 763 do-

214 802 302 882 mini,
326 802 402 865 dum
423 801 544 866 iustum
567 821 629 866 non
652 805 756 885 potest
777 802 880 867 delere
902 803 1031 867 iustitia.

176 933 189 973 ι
259 902 308 970 11.
332 906 401 970 Hae
429 910 460 969 et
485 923 541 989 pro
568 905 658 969 nobis
687 906 847 970 dominum
871 907 1060 970 altissimum
1083 907 1258 971 conditione
1281 926 1353 972 cou-

214 1011 340 1094 stringe,
364 1013 399 1074 ut
422 1011 496 1075 dum
519 1010 654 1074 eximere
678 1015 709 1074 te
731 1010 811 1076 libro
835 1029 890 1076 suo
906 1030 969 1075 non
983 1015 1096 1094 potest,
1119 1032 1174 1094 per
1190 1013 1353 1076 obtentum

212 1115 286 1179 iusti
301 1115 350 1178 sui
364 1115 493 1197 recipiat
512 1115 654 1179 iniustos.
679 1132 754 1178 nam
776 1116 862 1197 quia
883 1117 1000 1180 maior
1023 1120 1079 1180 est
1102 1117 1163 1198 qui
1187 1117 1222 1180 in
1246 1116 1352 1180 uobis

213 1222 270 1283 est
297 1237 403 1301 quam
431 1219 555 1300 quiin
582 1218 649 1282 hoo
676 1218 824 1300 mundo,
851 1219 919 1283 ideo
946 1221 1054 1284 fortior
1082 1225 1131 1284 ost
1157 1220 1276 1284 iustitia
1297 1238 1352 1303 pro

213 1321 426 1405 peccatoribus
461 1322 662 1386 defendendis
696 1341 792 1404 quam
822 1323 971 1405 iniquitas
1002 1324 1151 1388 aduersus
1181 1325 1353 1407 patrocinia

168 1457 190 1496 ro
214 1430 401 1491 sanctorum.
431 1427 545 1490 uellem
574 1430 726 1509 quantum
753 1428 785 1491 in
813 1447 864 1491 me
892 1431 941 1492 est
968 1428 1069 1492 adhuc
1095 1446 1261 1516 prorogare
1289 1448 1353 1492 ser-

212 1550 349 1611 monem,
372 1531 434 1595 nisi
453 1535 484 1595 ct
503 1533 590 1595 carta
604 1530 749 1595 deficiens
766 1537 798 1595 et
812 1535 916 1595 metus
933 1531 1126 1615 fatigationis
1142 1535 1214 1596 tuae
1230 1536 1354 1617 cogeret

212 1635 316 1700 uerbis
340 1635 468 1699 modum
490 1636 564 1717 poni
588 1638 620 1699 et
642 1636 807 1717 epistolam
830 1636 1001 1701 terminari.
1028 1639 1063 1700 tu
1085 1636 1118 1700 in
1140 1636 1285 1700 omnibus
1308 1637 1352 1700 in-

212 1740 304 1822 dulge
326 1739 497 1803 temeritati
520 1757 608 1803 meae
632 1743 663 1804 et
684 1740 837 1823 responde
853 1740 941 1821 mihi,
963 1744 999 1805 ut
1015 1741 1155 1804 consoler
1171 1744 1202 1805 et
1216 1741 1352 1804 instruar

212 1844 325 1908 litteris
349 1844 421 1907 tuis.

167 1976 188 2015 u
255 1945 305 2012 12.
329 1946 421 2012 Nunc
448 1947 665 2013 Sanemarium
692 1948 874 2030 portitorem
905 1948 997 2012 huius
1022 1949 1170 2032 epistolae
1193 1966 1352 2012 commen-

212 2053 322 2117 damus
338 2053 513 2135 specialiter
529 2053 729 2116 unanimitati
744 2056 826 2132 tuae,
846 2055 891 2132 ut,
915 2053 996 2116 sieut
1010 2053 1190 2136 rogauimus
1207 2055 1351 2116 sanctum

212 2157 391 2240 episcopum
419 2160 451 2221 ot
477 2161 599 2240 patrem
622 2161 776 2237 nostrum,
806 2158 851 2220 ita
873 2157 1033 2221 ordinetur
1055 2176 1074 2220 a
1096 2156 1196 2221 uobis.
1227 2175 1352 2221 conser-

211 2280 287 2325 uum
310 2261 395 2325 enim
418 2280 491 2324 eum
514 2262 587 2326 data
609 2263 642 2325 in
660 2262 784 2326 domino
799 2261 944 2348 libertate
959 2261 1167 2336 reddidimus;
1191 2262 1245 2326 sed
1261 2261 1350 2326 uobis

210 2365 242 2430 in
265 2366 358 2429 domo
382 2366 498 2430 domini
521 2367 638 2430 seruiat
660 2367 809 2450 delegatis
834 2367 872 2430 ad
895 2369 1061 2448 parentum
1084 2371 1263 2430 nostrorum
1285 2386 1352 2430 me-

164 2497 186 2536 o
211 2470 341 2534 moriam
368 2469 534 2551 obsequiis,
564 2474 600 2534 ut
627 2490 683 2553 per
708 2471 887 2553 religiosam
918 2471 1103 2535 semitutem
1133 2471 1272 2535 obtinere
1299 2469 1351 2535 fir-

210 2593 297 2639 mam
319 2573 498 2639 libertatem
522 2573 580 2638 sub
604 2579 710 2639 uestra
732 2575 912 2639 defensione
935 2578 1101 2639 mereatur.
1133 2593 1191 2658 age
1214 2577 1246 2639 et
1269 2576 1351 2658 apud

210 2685 355 2744 sanctum
374 2679 590 2762 presbyterum
609 2681 739 2744 fratrem
758 2679 975 2762 Exsuperium,
999 2683 1034 2743 ut
1057 2680 1089 2743 iu
1110 2698 1182 2743 casa
1202 2680 1350 2743 ecelesiae

210 2785 370 2864 terrulam,
394 2802 456 2866 qua
478 2786 597 2848 uictum
621 2803 712 2848 suum
734 2787 888 2866 procuret,
913 2785 1053 2867 accipiat.
1081 2787 1243 2867 praeterea
1264 2801 1350 2867 rogo,

209 2892 243 2953 ut
266 2889 432 2971 epistolam
460 2907 563 2953 meam
587 2889 625 2952 ad
648 2889 748 2953 filium
780 2893 921 2953 nostrum
944 2889 1131 2969 Deducium,
1164 2889 1288 2952 etiamsi
1317 2889 1349 2952 in

165 3015 188 3057 ιι
210 2991 320 3058 Galliis
348 2994 423 3076 agit,
454 2994 520 3057 sine
550 2993 615 3057 ulla
642 2993 789 3057 dilatione
816 2993 912 3056 facias
939 2992 978 3056 ab
1007 2994 1150 3076 episcopo
1177 2993 1348 3056 transmitt'

209 3116 262 3180 per
286 3114 473 3161 conseruum
496 3097 620 3161 fidelem
643 3102 674 3162 et
695 3097 863 3180 inpigrum.
894 3098 921 3161 si
944 3097 1092 3161 clericum
1115 3098 1193 3162 forte
1216 3098 1351 3162 noluerit

209 3201 362 3284 occupari,
386 3219 483 3265 unum
507 3202 544 3265 de
561 3201 827 3284 Alingonensibus
847 3202 1020 3285 dignamini
1043 3203 1166 3266 mittere
1190 3220 1261 3265 cum
1285 3202 1350 3285 epi-

209 3307 297 3370 stolis
325 3306 448 3385 uestris,
480 3305 592 3387 quibus
619 3307 741 3370 litterae
768 3309 893 3370 nostrae
919 3307 1079 3381 iuuentur;
1111 3306 1237 3390 dignam
1264 3306 1348 3370 enim

281 3464 285 3470 ¹
311 3459 339 3529 ι]
358 3459 442 3513 riou.
455 3461 480 3523 1,
492 3462 517 3514 4.

248 3611 266 3664 2
284 3607 390 3678 iusticie
408 3607 568 3676 pietatisque
586 3609 624 3662 M
681 3611 697 3663 5
716 3607 869 3662 condicione
888 3609 943 3663 LP
1003 3610 1019 3662 6
1038 3608 1164 3662 eximeret
1182 3624 1195 3660 e
1214 3610 1275 3674 PU,
1295 3609 1348 3662 exi-

209 3698 292 3748 meret
311 3694 388 3748 deF
437 3697 463 3748 te
482 3696 630 3751 om.FPU
680 3696 858 3763 optentumO
912 3698 945 3751 1o
962 3694 1120 3764 prolongare
1138 3695 1203 3749 Lm
1253 3699 1282 3751 11
1303 3695 1348 3750 de·

209 3781 279 3836 ficies
297 3782 328 3836 F
391 3782 510 3837 metuO
574 3784 606 3837 12
623 3782 725 3851 imponi
743 3783 774 3837 F
839 3784 871 3837 13
885 3800 930 3851 pr.
950 3785 978 3835 et
995 3800 1046 3836 om.
1063 3784 1090 3838 U
1149 3781 1270 3835 consuler
1287 3784 1352 3837 LM

211 3870 240 3924 15
263 3869 443 3922 sanemarium
467 3868 497 3930 0,
524 3885 586 3921 sane
608 3869 723 3922 Marium
747 3889 771 3937 o,
799 3869 967 3922 uenenarium
990 3875 1036 3924 cet.
1109 3871 1140 3923 16
1163 3869 1304 3922 unamitati
1327 3870 1349 3924 Ο

211 3958 241 4013 18
267 3972 358 4010 meum
386 3945 531 4011 n'cPov'
598 3959 630 4011 19
659 3955 781 4024 deligatis
810 3957 894 4012 FPU
972 3957 1005 4011 22
1033 3955 1187 4024 exuperium
1213 3956 1349 4011 FMPUo

209 4084 235 4139 in
256 4105 308 4142 om.
332 4087 359 4142 U
426 4102 505 4139 causa
528 4086 558 4139 F
624 4087 658 4141 23
681 4086 796 4139 terulam
818 4085 856 4141 L¹
927 4051 1197 4153 2ι1ιιᾶῃὲθῖἒιιιιιι(Μ
1218 4103 1251 4138 m.
1265 4084 1293 4151 2)
1314 4086 1352 4139 M

209 4173 240 4228 25
258 4172 355 4242 gallias
373 4173 432 4229 FU
499 4173 554 4241 egit
571 4172 614 4226 F²
685 4175 718 4227 27
737 4171 935 4242 uligonensibus
953 4173 1018 4239 FU,
1041 4170 1275 4240 elinguanensibus
1297 4172 1347 4238 Oo,

208 4257 387 4329 ligonensibus
404 4261 469 4314 ΒΜ
519 4259 666 4328 dignemini
684 4261 761 4315 LMo
826 4262 860 4315 28
879 4263 983 4313 uestrae
1001 4259 1059 4315 FU

1154 4347 1187 4396 6*
1227 4395 1230 4401 ,
