3036 4770
156 292 219 357 396
489 309 515 364 s
528 309 660 364 rourum
678 309 797 364 noram
815 309 961 379 episcopi

157 485 209 565 qui
234 502 294 566 pan
322 485 411 549 nobis
440 489 489 549 est
515 486 629 567 quique
656 502 712 567 pro
739 484 830 549 nobis
857 485 977 567 uigilet,
1005 489 1042 548 ut
1066 483 1246 566 requieseat
1267 484 1298 546 in

157 588 256 668 nobie,
280 592 312 652 et
334 591 387 671 qui
413 608 496 653 nuno
522 590 652 673 uigilare
676 607 732 653 nos
755 606 811 671 pro
834 588 940 669 quiete
962 592 1114 672 perpetua
1135 587 1233 651 iubet.

200 691 230 757 7.
258 693 330 778 Ipso
361 694 505 759 dominus
534 695 611 758 haeo
641 694 751 757 eadem
780 693 906 776 piatatis
938 710 1012 757 suaa
1043 710 1186 772 munera,
1220 709 1300 774 quae

157 800 222 861 toto
245 799 314 862 uult
337 799 387 881 agi
411 799 538 878 mundo,
561 799 592 861 in
612 798 671 861 hoo
694 816 768 862 sena
790 815 853 861 uno
875 814 968 880 agere
989 797 1138 879 dignatus
1160 800 1209 860 est
1228 814 1301 859 oum

157 901 370 966 blandimento
397 921 526 966 seuerus
554 920 612 966 neo
640 903 706 966 sine
733 902 822 966 freno
849 901 970 965 timoris
997 901 1163 985 indulgens
1191 918 1302 964 aurem
1342 921 1356 961 a

158 1007 256 1086 uellit,
280 1011 315 1070 ut
337 1023 482 1070 somnum
507 1007 640 1089 torporis
664 1009 830 1087 excuteret,
854 1007 958 1069 sinum
978 1005 1133 1089 praebuit,
1155 1007 1192 1068 nt
1214 1005 1304 1086 quie·

158 1115 223 1175 tem
253 1114 437 1193 perpetuam
471 1112 675 1175 ministraret.
718 1111 831 1194 uiginti
861 1115 893 1174 st
923 1114 987 1174 tras
1018 1109 1084 1173 dies
1113 1109 1209 1173 homo
1240 1127 1304 1173 non

159 1215 250 1278 modo
277 1217 413 1278 ateiris
442 1215 496 1278 sed
524 1220 555 1279 11
583 1215 621 1279 ab
645 1215 825 1280 hominibus
854 1216 998 1279 exclusus
1026 1214 1168 1277 omnium
1191 1217 1307 1278 uento·

158 1337 229 1382 rum
259 1318 444 1399 ludibrium,
475 1321 576 1383 omnis
607 1312 708 1383 terrae
739 1320 824 1399 exul,
855 1318 970 1383 diuersi
1001 1318 1096 1382 maris
1126 1318 1241 1401 hospes
1273 1321 1307 1382 et

159 1440 264 1486 exsors
286 1423 410 1505 generis
433 1424 573 1503 humani,
604 1423 822 1487 intertinctus
850 1427 882 1486 et
903 1423 1014 1487 beluas
1041 1423 1137 1486 maris
1164 1422 1197 1486 in
1221 1440 1306 1505 uago
1335 1449 1366 1488 ιο

160 1527 308 1590 erraticae
332 1528 422 1591 nauis
439 1528 574 1609 hospitio
597 1529 720 1592 ieiuniis
744 1529 831 1591 senio
855 1528 967 1592 timore
990 1528 1162 1607 confectus,
1184 1545 1307 1609 quaeso

160 1635 201 1710 te,
233 1632 383 1712 numquid
414 1636 527 1696 natura
556 1650 613 1696 sua
639 1633 843 1715 perdurabit?
881 1633 930 1695 oui
962 1649 1035 1715 ergo
1062 1632 1232 1696 obscurum
1264 1633 1306 1695 sit

161 1734 253 1798 deum
269 1735 301 1798 in
317 1735 370 1799 illo
387 1736 504 1800 fuisse?
528 1755 620 1818 quem
637 1737 700 1800 dixi
716 1738 831 1800 deum?
847 1754 909 1800 non
926 1736 989 1818 qui
1003 1736 1097 1800 facit
1112 1734 1309 1799 mirabilia

161 1840 278 1919 solus,
303 1841 356 1921 qui
375 1844 484 1904 uocat
507 1859 547 1904 ea
571 1859 662 1923 quae
682 1858 753 1904 non
774 1844 860 1905 sunt
880 1845 1068 1923 tamquam
1088 1858 1181 1921 qnae
1205 1840 1308 1904 sint?

161 1944 247 2007 euius
271 1960 329 2025 ope
353 1944 468 2009 enabat
491 1948 554 2010 toto
578 1945 668 2008 nauis
691 1948 813 2009 secreta
831 1945 943 2028 pelago
967 1949 999 2008 et
1017 1943 1168 2008 inuisibili
1188 1942 1309 2027 guber·
1337 1970 1365 2010 ιε

162 2052 270 2112 natore
290 2049 378 2128 quasi
399 2066 500 2112 naeua
522 2052 552 2113 et
573 2052 679 2113 tamen
701 2049 790 2132 graui
813 2050 895 2113 mole
916 2068 949 2112 se
968 2065 1166 2131 promonens
1189 2049 1308 2112 clausis

162 2153 244 2215 intra
270 2170 409 2216 cameras
440 2171 512 2216 suas
542 2153 668 2217 homine
699 2171 771 2216 eum
799 2152 953 2235 frugibus,
984 2153 1074 2216 uelut
1102 2152 1157 2215 illa
1187 2152 1308 2216 diluuio

162 2256 227 2320 feta
249 2257 358 2319 mundi
381 2255 554 2321 seminibus
582 2275 653 2322 arca
680 2256 799 2320 fluebat
828 2276 886 2320 nee
908 2274 970 2320 uno
993 2256 1073 2320 mari
1096 2256 1308 2321 1111111111-

162 2379 232 2423 sum
256 2379 329 2424 oum
352 2360 594 2442 tempestatibus
618 2362 795 2425 inmutauit.

206 2461 235 2527 8.
270 2464 377 2529 Primo
410 2466 449 2529 ad
484 2465 593 2529 mbsm
631 2469 702 2529 aeta
735 2466 869 2529 Romani
901 2469 1009 2549 portus
1043 2465 1177 2547 pharum
1211 2464 1308 2540 uidit3
1335 2493 1363 2530 2⁰

162 2569 272 2632 deindo
289 2567 493 2652 Campaniam
512 2570 614 2653 longis
637 2569 790 2634 tractibus
812 2570 890 2652 legit
912 2570 1102 2650 mutatisque
1124 2566 1308 2632 turbinibus

162 2674 194 2736 in
221 2672 346 2736 Africae
372 2674 464 2737 litora
491 2674 701 2737 transuolauit
731 2677 826 2754 atque
857 2673 895 2736 ab
927 2673 1004 2756 ipsis
1034 2690 1142 2737 rursus
1175 2671 1310 2755 abrepta

163 2776 300 2841 Siciliam
328 2778 522 2858 transomrit,
553 2779 636 2842 oiroa
663 2796 755 2859 quam
787 2778 908 2841 oonoita
936 2781 967 2841 et
996 2777 1150 2841 uerticosa
1177 2775 1308 2856 enebris,

163 2884 199 2945 ut
225 2883 340 2963 ferunt,
371 2882 483 2946 insulis
510 2882 591 2946 freta
619 2885 650 2945 et
675 2882 865 2963 periculosos
893 2881 989 2944 etiam
1014 2880 1072 2944 sub
1096 2879 1308 2964 gubernatore

164 2984 298 3050 nauibus
322 3005 430 3050 cursus
453 2988 534 3050 inter
557 2985 707 3069 ambages
731 2989 763 3049 ot
785 2986 889 3049 obices
909 2986 1084 3049 insularum
1104 2989 1170 3048 tam
1190 2985 1308 3049 directo
1335 3011 1366 3052 2⁵

165 3091 282 3154 otiosus
306 3110 400 3155 senex
422 3090 637 3173 inoffensoque
660 3090 785 3173 nauigio
808 3090 1001 3172 praeterint,
1029 3092 1066 3153 ut
1088 3088 1178 3169 qnasi
1201 3089 1310 3152 diuina

165 3194 254 3257 nanis
278 3199 310 3258 11
331 3195 462 3259 inmisso
485 3195 636 3259 diuinitus
664 3195 775 3277 spiritu
803 3194 927 3276 sapiens
955 3210 1012 3256 sua
1034 3196 1144 3274 sponte
1167 3192 1309 3256 cauenda

164 3300 290 3380 uitaret,
321 3301 480 3382 sequenda
501 3303 624 3383 peteret
651 3303 683 3364 et
709 3299 826 3363 utiliter
853 3316 889 3362 ao
911 3298 1010 3381 perito
1032 3316 1088 3379 per
1114 3297 1308 3360 necessarios

166 3403 270 3468 obitus
292 3404 479 3485 flecteretur,
502 3405 655 3487 nigesimo
675 3404 803 3467 demum
823 3406 855 3468 ot
875 3402 966 3467 tertio
987 3402 1035 3465 die
1055 3401 1224 3465 miserante
1244 3401 1308 3464 iam

166 3509 223 3573 deo
242 3509 338 3573 finem
361 3528 499 3574 errorum
522 3513 615 3592 atque
636 3509 851 3574 discriminum
872 3508 905 3571 in
922 3507 1056 3571 Luoanis
1076 3507 1217 3590 positura
1235 3506 1308 3569 lito-
1334 3531 1359 3570 ao

272 3717 316 3787 13]
335 3717 379 3771 Pu.
393 3720 435 3786 71,
449 3719 490 3774 18.
545 3716 589 3786 14]
608 3715 685 3769 Rom.
698 3718 723 3781 4,
738 3717 779 3771 17.
833 3714 879 3783 17]
897 3713 974 3782 (Gen.
988 3716 1012 3778 7,
1026 3713 1077 3782 17).

211 3910 226 3963 7
245 3911 273 3962 11
289 3911 344 3963 1111
366 3907 397 3976 0,
415 3911 469 3962 tres
488 3926 504 3963 o
559 3910 591 3964 10
609 3923 678 3976 uago
696 3925 721 3975 v,
739 3905 807 3959 uado
824 3906 848 3961 0
911 3907 943 3961 13
962 3920 1039 3973 quem
1058 3904 1164 3972 scripsi,
1183 3901 1255 3970 quod
1277 3902 1308 3970 0,

168 4010 263 4051 oumo
324 4011 377 4049 non
395 3997 440 4063 qui
461 3995 492 4064 0,
510 3995 590 4063 quio
650 3993 856 4063 1411111110
909 3996 941 4049 15
960 4007 1008 4061 ope
1025 3990 1138 4045 innabat
1155 3992 1213 4043 toto
1231 3990 1308 4042 nauis

169 4098 261 4136 secura
282 4081 377 4152 pelago
398 4085 467 4138 coni.
487 4084 581 4138 Soocb.
636 4085 667 4138 17
691 4081 799 4135 homine
821 4099 846 4150 o,
867 4079 1055 4134 hominemO
1109 4079 1141 4133 18
1163 4091 1217 4130 uno
1240 4076 1309 4130 mari

168 4169 267 4239 Romo,
290 4184 343 4223 uno
360 4169 455 4223 maiori
477 4169 520 4224 Oo
584 4171 619 4224 20
638 4168 772 4223 farumO
833 4170 867 4223 23
885 4165 1065 4235 uertigosaO
1125 4166 1160 4219 29
1178 4165 1309 4219 atomo

170 4258 204 4312 30
222 4255 271 4311 deo
292 4256 324 4322 0,
341 4255 448 4310 domino
466 4274 482 4311 o
