3036 4770
242 291 264 353 2
577 303 748 358 &Paulini
766 302 887 357 Nolani
905 302 1050 370 episcopi

243 487 274 546 et
301 482 373 545 fidei
399 485 472 545 tuae
500 499 588 562 spem
619 479 743 543 domino
766 479 920 542 intentam
944 480 975 542 et
997 478 1063 560 spei
1086 476 1180 542 fidem
1203 479 1236 542 in
1259 478 1387 544 domino

242 589 437 650 constantem
462 588 493 649 et
515 584 741 667 plenitudinem
756 583 894 647 caritatis
911 582 942 645 in
959 580 1083 646 Christo
1099 583 1180 646 sicut
1194 582 1294 665 ipsius
1311 603 1388 667 erga

241 708 298 754 nos
326 689 376 753 dei
402 689 600 753 dilectionem
629 706 755 751 manere
783 686 924 766 docuisti,
952 704 1022 749 cum
1051 686 1182 750 sollicito
1209 690 1241 750 et
1263 690 1387 769 optanti

241 794 319 858 mihi
341 813 441 876 neque
465 794 554 857 aliter
578 793 615 856 de
638 796 680 871 te,
708 792 805 854 immo
832 790 871 854 de
895 791 950 854 deo
974 789 1122 870 credenti,
1150 791 1203 872 qui
1226 794 1259 854 et
1281 792 1314 855 in
1337 792 1386 856 in-

241 897 338 962 firmis
362 898 511 962 uirtutem
534 915 625 961 suam
648 899 792 978 operetur
813 894 994 977 sepedicti,
1017 894 1161 958 iudicasti
1177 902 1385 978 augmentum
1424 924 1438 962 s

240 1003 419 1086 patrimonii
446 1003 477 1066 iu
500 1001 700 1078 caelestibus,
724 999 806 1083 quod
828 999 995 1064 salubriter
1016 999 1229 1081 praesentium
1251 1018 1384 1067 onerum

240 1107 417 1172 decoctione
440 1106 551 1187 fecisti,
579 1105 699 1188 fragilis
723 1103 916 1169 substantiae
939 1104 1038 1187 pretio
1061 1105 1182 1168 caelum
1205 1103 1385 1170 Christum-

240 1231 299 1295 que
324 1216 490 1292 mercatus
513 1230 587 1275 uere
615 1211 846 1294 intellegens
874 1228 984 1292 super
1012 1228 1167 1292 egenum
1191 1213 1226 1273 et
1248 1228 1385 1295 paupe·

239 1335 330 1397 rem,
362 1335 455 1398 quem
481 1316 513 1379 in
537 1314 661 1381 Christo
689 1333 757 1378 esse
786 1318 817 1378 et
844 1314 959 1396 inquo
983 1312 1153 1394 Christum,
1181 1318 1216 1378 ut
1237 1314 1305 1397 ipse
1329 1316 1384 1382 do-

240 1421 313 1501 cuit,
337 1422 401 1503 tegi
423 1421 508 1502 pasci
532 1420 667 1484 fenerari
689 1419 856 1483 credidisti.
1076 1437 1079 1443 ·
1410 1448 1436 1485 ro

282 1522 312 1588 2.
345 1523 390 1590 Sit
420 1524 471 1588 hic
502 1525 588 1589 odor
618 1525 749 1588 mortis
779 1525 815 1587 in
846 1527 1001 1587 mortem
1031 1522 1088 1586 his
1119 1522 1179 1604 qui
1208 1529 1383 1606 pereunt,

239 1627 353 1710 quibus
382 1645 452 1693 cero
482 1633 513 1692 et
536 1647 610 1693 crux
634 1628 682 1692 dei
704 1628 769 1691 uiui
792 1627 926 1692 stultitia
948 1627 998 1690 uel
1022 1627 1204 1690 scandulum
1228 1630 1285 1708 est,
1309 1629 1383 1711 quia

238 1733 313 1816 ipsis
341 1751 412 1797 curo
440 1737 472 1797 ct
495 1732 634 1816 sanguis
662 1733 711 1797 cui
738 1732 889 1811 seruiunt,
918 1730 1078 1796 Christum
1100 1731 1207 1795 Iesum
1234 1731 1284 1796 dei
1311 1752 1381 1799 esse

238 1836 337 1901 filium
361 1856 423 1902 uon
446 1838 575 1916 reuelet,
603 1836 694 1901 nobis
718 1840 823 1900 eutem
846 1836 947 1900 carnis
971 1840 1003 1899 et
1025 1837 1133 1900 mort-is
1157 1836 1280 1901 diuinae
1302 1837 1381 1903 fides

238 1943 312 2007 odor
339 1943 422 2006 uitae
450 1940 604 2005 efficiatur
632 1942 670 2005 ad
702 1942 809 2005 uilem.
846 1959 903 2005 nec
931 1944 1131 2021 moueantur,
1161 1941 1260 2005 frater
1286 1942 1381 2007 dileo·
1409 1969 1433 2008 rs

238 2048 370 2127 tissime,
393 2047 488 2130 pedes
512 2047 611 2110 nostri
635 2047 734 2110 auiis
758 2046 875 2109 domiui
898 2050 929 2110 et
951 2045 1076 2110 tremite
1099 2045 1219 2110 itineris
1242 2049 1381 2131 angusti,

238 2152 264 2215 si
296 2170 353 2216 nos
387 2150 546 2216 interdum
579 2151 708 2232 profana
743 2151 793 2213 uel
824 2151 921 2214 stulte
950 2149 1144 2231 quorundum
1174 2152 1380 2216 saecularium

238 2255 335 2319 uerba
358 2255 605 2328 circumlatrent
629 2254 773 2318 instructi
797 2255 881 2319 enim
904 2255 978 2319 satis
1002 2274 1057 2337 por
1079 2272 1183 2319 sacrus
1205 2255 1327 2319 litteras
1349 2260 1380 2321 et

237 2359 275 2423 de
298 2358 375 2441 ipsis
399 2363 431 2423 et
454 2359 491 2421 do
514 2357 603 2422 nobis
625 2377 743 2422 sumus.
769 2358 870 2422 dehis
887 2359 1096 2423 enimbeatus
1114 2360 1378 2442 apostolusnobis

237 2463 293 2542 ait,
326 2462 401 2544 quie
429 2463 465 2526 in
495 2462 563 2527 hoc
593 2462 807 2526 laboramus
838 2466 874 2526 et
903 2464 1174 2544 maledicimur,
1206 2466 1378 2546 quoniam
1406 2488 1431 2528 eo

236 2586 431 2650 speramus
454 2567 491 2631 in
515 2567 620 2632 deum
643 2567 785 2647 uiuum,
809 2568 869 2649 qui
891 2572 948 2632 est
967 2569 1070 2632 salus
1088 2568 1379 2636 omniumhomi·

235 2690 336 2752 num,
365 2672 519 2735 manime
546 2671 734 2751 fidolium,
761 2672 814 2752 qui
840 2672 982 2753 istorum,
1010 2672 1121 2755 quibus
1149 2674 1301 2739 rationem
1329 2675 1378 2740 uis

235 2775 373 2855 reddero,
401 2775 496 2840 oliam
523 2776 572 2840 sui
600 2776 633 2839 in
662 2775 832 2858 euangeliis
860 2794 912 2840 ore
940 2782 970 2841 et
998 2796 1119 2841 uenena
1146 2778 1179 2842 in
1206 2779 1377 2860 conloquiis

235 2884 267 2944 et
282 2879 394 2944 merita
407 2879 560 2962 praedixit
582 2880 614 2944 in
630 2880 752 2964 poenis:
777 2898 843 2944 uae
866 2881 924 2945 his
948 2882 1010 2963 qui
1033 2882 1377 2948 scandalizatorint

235 3002 346 3048 unum
370 3003 410 3048 or
433 2984 587 3049 modicis
610 2985 755 3049 istisin
779 3004 833 3049 me
856 2985 1112 3050 credentibus!
1143 2987 1294 3068 expedit
1316 2988 1376 3053 ho·
1402 3014 1429 3054 ss

235 3089 324 3152 mini
352 3088 424 3169 illi,
452 3093 492 3153 ut
520 3090 772 3171 suspendatur
802 3091 897 3154 mole
924 3091 1088 3155 asinaria
1114 3092 1210 3156 collo
1238 3093 1316 3157 eius
1340 3097 1378 3158 et

233 3193 507 3276 praecipitetur
530 3194 566 3257 iu
589 3194 814 3276 profundum
838 3196 959 3259 moris
983 3195 1073 3261 nobis
1095 3215 1169 3261 uero
1193 3197 1249 3261 ait:
1273 3197 1376 3263 beati

338 3381 366 3451 8]
384 3382 428 3435 Ps.
442 3384 525 3446 40,2;
544 3382 640 3436 Mutth.
654 3384 696 3446 25,
708 3385 751 3438 lo.
806 3383 850 3453 11]
870 3382 1010 3447 neone,
1022 3386 1061 3440 16.
1118 3385 1161 3456 12]
1181 3385 1375 3456 (1001125).

235 3467 278 3535 13]
301 3468 537 3537 (Multorum).
611 3470 654 3539 16]
673 3469 727 3537 (Ps.
743 3473 783 3535 16,
797 3472 831 3538 5).
921 3471 1133 3542 (1111111141.
1208 3473 1253 3543 20]
1272 3474 1286 3528 1
1304 3475 1373 3528 Tim.

232 3557 258 3617 4,
272 3558 310 3610 10.
365 3556 410 3626 24]
429 3557 526 3611 Motth.
541 3559 581 3621 18,
595 3560 623 3621 o;
641 3556 705 3611 Luc.
721 3561 760 3622 17,
773 3560 798 3613 2.
857 3558 902 3628 27]
920 3559 1055 3624 Mettus,
1071 3563 1111 3616 ll.

277 3727 440 3784 liuom.s'-n
457 3731 562 3785 rasM
610 3731 731 3787 diuum.
747 3732 784 3786 Μ
832 3736 1055 3800 sargumentum
1068 3735 1127 3791 FU
1176 3736 1376 3806 ltprirtiumlll

234 3817 250 3869 7
274 3814 411 3869 deoolione
434 3818 465 3883 U,
488 3816 651 3886 depositione
675 3819 712 3873 M
795 3819 860 3886 xpm
879 3818 992 3889 celumlp
1011 3822 1053 3885 M,
1077 3821 1178 3876 coelum
1198 3823 1328 3878 christum
1351 3826 1378 3882 U

234 3904 264 3957 11
289 3902 361 3958 iiso
432 3905 464 3958 13
486 3903 569 3972 ipsius
597 3907 623 3960 U
690 3908 717 3958 et
739 3904 859 3959 seruiunt
881 3907 908 3961 L
977 3906 1067 3961 Iesum
1085 3927 1135 3965 om.
1154 3911 1181 3966 U
1249 3927 1305 3964 osse
1330 3909 1372 3965 dei

231 3987 317 4042 filium
340 3990 377 4044 Μ
438 3992 470 4045 11
493 3990 559 4043 fines
585 3993 611 4047 U
674 3993 706 4047 18
727 3991 792 4044 satis
812 4009 863 4047 om.
885 3994 921 4062 F,
942 3995 1023 4048 sceris
1050 3996 1077 4051 U
1134 3995 1373 4054 1111111101ηῶι

231 4078 262 4130 21
287 4076 426 4129 homiuum
446 4094 496 4132 ont.
515 4078 580 4132 ΕΜ
639 4081 673 4132 22
691 4082 719 4130 et
737 4078 849 4131 maxime
867 4081 932 4135 ΕΜ
993 4081 1126 4135 iustorum
1144 4083 1175 4137 F
1225 4084 1373 4153 23su10,

231 4177 279 4214 suo
302 4170 347 4218 cet.
424 4165 458 4217 24
480 4180 513 4216 uo
535 4163 577 4217 his
599 4164 690 4233 FLO,
712 4163 778 4218 uehe
800 4164 843 4219 his
870 4167 975 4236 U‚uhe
998 4167 1040 4222 his
1063 4170 1096 4238 P,
1119 4186 1152 4223 ue
1174 4169 1216 4224 his
1234 4171 1323 4240 inquit
1339 4173 1377 4227 Μ

231 4251 264 4308 25
284 4249 329 4321 qui
347 4249 376 4303 in
394 4266 436 4305 mo
455 4249 569 4306 crodunt
586 4252 623 4307 M
