3036 4770
162 305 224 368 162
497 321 523 374 S.
536 320 668 375 Paulini
686 320 806 379 Nolani
826 274 969 390 episcopi

160 497 273 580 quibus
309 498 432 562 diuinae
466 497 668 561 sublimitatis
702 497 834 578 parabat
867 499 1068 562 consortium.
1119 497 1201 560 unde
1235 516 1306 580 per·

161 607 267 684 specto
295 602 433 665 muneris
461 603 541 665 tanti
569 602 716 684 mysterio
745 606 777 664 et
803 602 961 665 intellecta
987 601 1061 666 boni
1088 602 1305 684 magnitudine

163 707 215 788 qui
245 706 347 789 primo
377 706 585 769 ministrantis
621 709 772 788 apparatu
803 706 897 788 pedes
930 705 1041 770 offerre
1071 705 1306 788 trepidaueraut

163 811 228 874 iam
257 828 319 874 non
348 811 442 893 pedes
471 814 596 873 tantum
627 810 681 873 sed
709 813 790 874 totos
821 830 854 873 se
884 829 983 891 usque
1014 810 1052 874 ad
1083 814 1177 892 caput
1202 811 1305 892 perlui

163 918 364 999 rogauerunt.
402 920 434 977 et
461 932 517 997 ego
541 914 700 977 dominum
725 914 830 978 Iesum
853 915 884 978 iu
907 915 1002 979 fratre
1024 915 1150 978 Victore
1164 932 1305 979 uenera-
1344 939 1368 980 ⁵

162 1023 225 1100 tus,
255 1019 327 1100 quia
354 1019 455 1082 omnis
483 1019 587 1082 anima
609 1018 708 1082 fidelis
736 1038 772 1081 ex
795 1020 851 1083 deo
880 1024 928 1083 est
955 1024 987 1083 et
1012 1019 1165 1083 humilis
1195 1019 1305 1083 corde

165 1141 217 1188 oor
249 1122 365 1187 Christi
395 1125 456 1202 est,
487 1122 597 1202 fateor,
629 1123 666 1186 ad
698 1124 870 1187 remedium
899 1123 1091 1188 infirmitatis
1122 1124 1239 1206 optem,
1269 1128 1307 1187 ut

163 1228 231 1291 oleo
255 1245 305 1290 me
327 1228 378 1291 uel
402 1245 482 1307 aqua
505 1227 613 1290 melior
636 1245 804 1290 conseruus
828 1228 1012 1311 adtingeret.
1044 1246 1100 1291 nec
1123 1228 1235 1291 imitus
1259 1228 1305 1291 fui

160 1335 380 1414 praesumptae
404 1331 485 1412 opis;
517 1349 590 1395 nam
615 1332 703 1412 quasi
731 1332 919 1396 medicatum
947 1332 1092 1396 manibus
1115 1333 1174 1415 piis
1197 1333 1304 1397 oleum

161 1436 198 1499 de
227 1436 295 1517 ipsa
321 1436 474 1519 unguenti
502 1437 739 1500 mansuetudine
767 1438 842 1500 mibi
868 1438 970 1526 lenius
997 1439 1028 1501 iu
1057 1437 1210 1501 medullas
1232 1457 1305 1520 per·
1332 1465 1361 1502 lo

160 1540 283 1622 lapsum
312 1544 370 1619 est,
400 1544 431 1603 et
458 1541 723 1603 exultauerunt
750 1559 835 1605 ossa
863 1541 1070 1605 humiliata.
1108 1540 1305 1606 benedixit

160 1644 282 1708 anima
309 1661 388 1707 mea
412 1643 613 1724 dominum,
645 1648 681 1708 et
707 1646 829 1708 omnia
857 1646 1037 1709 interiora
1065 1664 1144 1709 mea
1169 1664 1303 1711 nomen

160 1752 330 1812 sanctum
365 1748 455 1811 eius,
494 1767 567 1812 nam
599 1752 631 1811 et
661 1749 804 1812 sensibus
836 1751 1019 1832 uegetandis
1049 1750 1195 1832 proderat
1225 1750 1308 1814 haec

158 1853 283 1935 pietatis
307 1852 407 1934 magis
427 1853 585 1934 palaestra
605 1872 700 1934 quam
723 1854 870 1936 corporis,
894 1872 956 1935 qua
975 1854 1071 1918 frater
1091 1855 1190 1918 bonus
1215 1859 1303 1919 artus

160 1957 237 2020 mihi
264 1956 392 2039 fragiles
420 1975 515 2020 manu
543 1957 681 2040 fingente
709 1976 897 2039 conponeus,
931 1960 1044 2022 mentis
1069 1977 1191 2040 quoque
1214 1960 1304 2042 uigo·
1331 1985 1355 2024 n

159 2064 226 2125 rem
252 2061 399 2124 recreatis
428 2061 549 2125 ossibus
578 2063 718 2144 erigebat
746 2068 929 2143 cooperante
953 2064 1059 2146 procul
1083 2063 1176 2127 dubio
1201 2066 1303 2128 mani-

159 2165 218 2229 bus
242 2165 312 2244 fide,
343 2170 378 2229 ut
400 2166 475 2228 dum
499 2165 656 2229 infirmam
685 2184 810 2229 carnem
839 2185 951 2230 manus
979 2167 1137 2250 diligentis
1165 2168 1302 2248 duceret,

159 2271 388 2351 conpatientem
421 2270 559 2333 animam
589 2271 691 2353 gratia
722 2271 876 2335 credentis
905 2273 1023 2336 elueret
1049 2271 1198 2353 fieretque
1225 2273 1301 2336 mihi

159 2373 244 2437 intus
268 2375 371 2437 oleum
394 2375 530 2438 laetitiae
554 2375 635 2456 quod
660 2377 733 2440 foris
757 2380 824 2438 erat
847 2377 948 2439 oleum
973 2376 1123 2440 sanitatis.

203 2475 232 2540 6.
256 2476 372 2561 Accipe
400 2478 491 2542 modo
522 2479 616 2542 aliam
647 2480 786 2543 eiusdem
818 2481 848 2543 in
880 2481 995 2544 uostris
1026 2480 1170 2544 sensibus
1203 2482 1302 2547 serui·
1327 2507 1352 2545 ro

160 2585 271 2663 tutem,
302 2602 363 2664 qua
391 2602 452 2647 non
481 2584 582 2648 solnm
609 2585 786 2648 reiectionis
815 2589 938 2649 nostrae
963 2585 1015 2648 sed
1040 2589 1071 2648 et
1093 2586 1302 2667 parsimoniae

159 2704 266 2750 curam
290 2707 411 2770 geuene,
443 2689 566 2751 facilem
595 2707 650 2752 nos
679 2689 797 2752 uictum
821 2688 890 2753 cibo
914 2690 1048 2772 simplici
1071 2708 1180 2770 capere
1204 2693 1300 2756 coctis

159 2790 191 2853 in
218 2795 311 2873 gutta
342 2793 400 2856 olei
429 2796 461 2855 et
491 2811 589 2874 aquae
617 2793 706 2875 copia
732 2793 871 2875 pultibus
901 2794 1019 2866 docuit;
1054 2794 1108 2857 sed
1136 2812 1188 2858 eas
1212 2799 1300 2860 tauto

159 2895 278 2978 gratiae
302 2897 377 2975 sale,
409 2901 500 2960 tanta
523 2897 685 2961 dulcedine
708 2898 844 2962 caritatis
868 2897 1042 2978 condiebat,
1073 2903 1108 2962 ut
1130 2917 1245 2980 coquos
1270 2905 1301 2964 et

160 3000 339 3064 condituras
363 3020 424 3064 non
448 3002 706 3082 desideraremus,
739 3003 810 3084 quia
834 3021 932 3084 aquae
959 3022 1036 3085 puro
1064 3004 1167 3068 oleum
1196 3005 1301 3068 suaui-
1326 3029 1351 3069 sa

159 3105 243 3183 tatis,
272 3104 354 3185 quod
376 3105 465 3169 nulla
486 3124 665 3169 muscarum
690 3108 897 3188 inportunitas
922 3108 1149 3187 exterminauit,
1180 3109 1300 3192 simpli-

159 3209 237 3272 citas
260 3209 381 3273 caritati
404 3211 511 3273 iuncta
533 3210 695 3274 miscebat
731 3230 841 3275 uerum
865 3212 1010 3294 spiritalis
1034 3230 1151 3294 coquus
1173 3213 1300 3278 interio-

159 3330 226 3376 rem
249 3313 409 3377 hominem
433 3313 536 3377 cibare
557 3315 685 3394 doctior,
710 3334 770 3397 quo
791 3316 965 3380 destrueret
988 3335 1093 3380 escam
1112 3317 1215 3400 gulae,
1237 3336 1299 3382 uon

264 3493 504 3562 amramitae.
561 3495 605 3564 11]
619 3495 662 3548 es.
674 3499 767 3559 sero.
822 3496 1028 3565 12]Ps.1oa,1.
1084 3497 1127 3566 19]
1147 3497 1297 3564 (esaan).
1349 3547 1353 3555 .

160 3580 204 3648 25]
224 3579 319 3647 (Eccle.
335 3583 374 3640 10.
390 3582 422 3647 1).

207 3744 379 3799 lsublitatis
402 3747 428 3801 U
489 3745 735 3814 3repudiauerant
752 3749 810 3805 FU
871 3748 944 3801 lad
963 3751 989 3803 L
1006 3767 1027 3804 a.
1043 3751 1059 3804 i.
1132 3749 1302 3806 iactauiU

161 3833 177 3885 9
189 3832 241 3900 piis
254 3831 377 3885 manibus
391 3834 427 3886 M
478 3836 510 3887 10
523 3834 634 3901 ungenti
647 3837 687 3902 M,
707 3836 833 3903 ungentis
847 3837 933 3891 linaro.
990 3839 1021 3891 12
1040 3836 1141 3890 nomini
1155 3839 1245 3890 sancto
1257 3837 1287 3891 F
1289 3836 1299 3867 ¹

161 3921 191 3972 14
217 3918 334 3986 palestra
357 3919 442 3986 magis
463 3921 499 3973 M
557 3921 660 3988 corpori
678 3923 744 3975 LM
807 3937 858 3989 qua
877 3921 976 3990 M²P¹,
995 3939 1046 3993 que
1069 3922 1140 3990 01³⁸,
1159 3927 1215 3991 qua
1230 3924 1299 3989 LM,

159 4004 423 4070 quiaFUctPs.i.
480 4010 511 4062 15
524 4007 643 4074 tingente
656 4011 721 4075 sort.
775 4010 1082 4083 conperiensom.FPU
1131 4010 1300 4064 meritisne

161 4092 191 4142 li
211 4090 331 4160 duceret]
349 4091 477 4145 mulceret
496 4094 560 4146 ΕΜ
626 4096 660 4147 20
686 4094 846 4147 seruientem
871 4094 914 4148 Ρ1
982 4098 1013 4150 21
1039 4098 1213 4165 guenemari,
1237 4095 1300 4163 qnia

159 4177 254 4241 LMO,
272 4193 351 4244 quam
370 4179 420 4245 ΡΙ,
440 4179 509 4245 quod
529 4179 629 4235 FP²U
680 4183 711 4233 al
732 4196 811 4247 coquus
830 4181 878 4235 M¹
932 4183 1212 4250 espiscoporum
1230 4183 1298 4247 ΒΜ,

159 4277 240 4330 purae
259 4270 304 4318 cet.
359 4268 391 4321 27
411 4281 530 4334 quoquus
553 4269 578 4323 U
628 4270 662 4323 28
681 4266 751 4334 quod
770 4267 881 4325 FLPU
