3036 4770
623 318 769 387 epistula
787 318 809 382 1,
828 335 848 372 e.
865 321 938 374 1-3.
1334 304 1355 367 3

217 494 323 574 estis,
351 513 430 558 cum
460 493 567 559 uobis
595 494 822 559 maledicent
847 494 1019 560 homines
1050 500 1086 560 et
1108 497 1232 561 disent
1255 515 1359 562 omne

216 599 352 663 malum
383 599 582 663 aduersum
613 617 677 664 uos
708 603 743 664 et
773 599 1054 683 exprobrabunt
1080 618 1212 665 nemen
1240 620 1360 666 meum

216 707 403 785 tamqnam
417 703 570 778 malum;
593 703 753 788 gaudete
773 708 808 768 et
823 705 1003 784 exultate,
1027 705 1201 788 quoniam
1217 725 1359 772 merses

216 811 343 872 uestra
365 809 516 890 eopiosa
537 808 574 872 in
597 808 724 873 caelis.
747 808 834 889 haee,
851 809 894 872 mi
909 807 1016 890 frater,
1039 808 1157 873 demini
1173 808 1270 875 uerba
1284 810 1359 875 reti·

176 938 189 977 5
217 915 325 976 nentes
349 916 381 977 et
403 913 435 976 in
458 915 599 977 nestram
622 912 716 977 fidem
739 912 960 978 confirmemur
982 917 1014 977 et
1037 913 1203 996 obprobria
1222 914 1274 978 uel
1289 915 1359 980 odia

215 1016 387 1082 infidelium
416 1018 635 1102 neglegamus:
666 1019 704 1083 in
736 1017 902 1083 tenebris
932 1019 1016 1082 enim
1044 1018 1255 1100 ambulant,
1286 1021 1359 1103 quia

216 1122 271 1186 sol
296 1122 470 1186 iustitiae
497 1141 567 1187 non
595 1125 698 1186 ortus
728 1127 784 1187 est
807 1122 870 1187 eis.
905 1141 1090 1188 uenenum
1116 1124 1288 1207 aspidum
1311 1128 1359 1189 est

215 1225 282 1291 sub
313 1225 424 1291 labiis
455 1245 595 1306 eorum,
626 1226 707 1309 quod
738 1226 836 1292 inficit
865 1230 1006 1292 mentem
1036 1230 1068 1291 st
1097 1229 1235 1293 animam
1261 1229 1358 1293 inter·

215 1329 289 1411 ficit,
313 1331 339 1394 si
362 1333 523 1413 receptum
545 1329 672 1395 auribus
695 1331 727 1394 in
750 1331 843 1396 eorda
856 1331 1039 1415 peruaserit.
1063 1349 1125 1397 eur
1148 1350 1287 1413 sorum,
1310 1334 1358 1397 in-

166 1461 190 1498 1⁰
216 1434 284 1517 quit
306 1434 460 1517 scriptura
483 1435 598 1516 diuina,
628 1453 763 1499 uanum
791 1439 863 1516 est,
891 1439 927 1499 et
954 1426 1194 1518 sepulchrum
1222 1440 1357 1520 patens

215 1542 271 1602 est
292 1542 423 1622 guttur
450 1542 584 1604 eorum.
620 1557 787 1604 caueamus
816 1557 835 1603 a
861 1540 1015 1605 fermenta
1043 1557 1162 1621 eorum,
1189 1560 1229 1605 ne
1257 1543 1357 1628 tptam

215 1661 353 1707 massam
376 1648 563 1726 corrumpat.
588 1644 741 1728 seriptum
761 1647 809 1708 est
825 1644 923 1708 enim:
947 1662 1018 1709 non
1041 1644 1234 1709 habitabit
1255 1646 1358 1710 iuxta

215 1750 250 1811 te
272 1747 476 1831 malignus,
500 1749 673 1813 etiterum:
696 1766 778 1812 eum
801 1752 932 1813 sancte
957 1752 1110 1813 sanctus
1131 1749 1204 1814 eris
1225 1752 1357 1814 etcum

214 1869 391 1934 peruerse
421 1851 669 1933 subuerteris,
704 1856 749 1917 et:
783 1852 953 1917 discedat
984 1853 1026 1917 ab
1058 1853 1261 1935 iniquitate
1295 1853 1357 1935 qui

165 1980 189 2019 rs
215 1956 382 2021 nominat
413 1975 543 2022 nemen
573 1957 719 2022 domini.
754 1956 896 2038 obstrue,
928 1957 1037 2038 irater,
1068 1957 1218 2041 etsaepi
1247 1975 1355 2022 aures

215 2064 297 2125 tuas
328 2061 446 2144 spinis
477 2060 516 2125 ad
546 2061 642 2127 uerba
669 2079 787 2142 eorum,
818 2080 896 2143 quas
927 2066 1001 2126 sunt
1028 2062 1135 2143 spinae
1163 2065 1194 2125 st
1221 2061 1355 2146 sagittae

215 2164 326 2246 rabuli,
349 2166 402 2248 qui
418 2166 450 2229 in
466 2184 574 2230 eorum
588 2165 774 2249 praecordiis
789 2166 889 2230 latens
905 2165 1112 2230 insidiatur
1133 2167 1170 2230 in
1194 2166 1355 2246 occulto,

214 2273 253 2333 ut
271 2269 396 2352 rapiat
410 2287 609 2353 pauperem
626 2269 743 2336 Christi
758 2274 790 2334 et
804 2275 936 2335 uenetur
951 2270 1090 2334 animam
1106 2270 1276 2335 christiani.
1300 2270 1355 2334 sed
1467 2348 1472 2359 ³

214 2373 250 2436 in
266 2378 376 2456 eaput
392 2392 529 2455 eorum,
553 2375 634 2438 sieut
649 2374 799 2457 seriptum
815 2378 873 2454 est,
892 2375 1075 2456 iniquitas
1091 2374 1257 2457 ipsorum
1273 2392 1355 2439 eon-

162 2501 188 2541 ω
213 2481 396 2558 uertetur,
420 2481 457 2542 et
477 2478 646 2543 incident
668 2479 704 2543 in
727 2479 873 2543 foueam
896 2496 1004 2561 quam
1027 2483 1237 2563 operantur.

256 2579 286 2645 3.
311 2580 363 2645 'lu
385 2585 523 2662 autem,
545 2581 651 2648 home
674 2582 747 2663 dei,
770 2583 856 2666 iuge
880 2581 923 2646 ab
939 2583 1040 2663 istis,
1063 2602 1164 2664 neque
1181 2586 1216 2647 ut
1231 2583 1355 2666 sapien·

213 2683 343 2750 tionibus
373 2687 526 2751 rationem
555 2686 683 2751 reddere
712 2686 846 2766 labores,
875 2705 948 2750 cum
978 2687 1059 2751 scias
1086 2706 1182 2769 penes
1210 2690 1242 2752 te
1269 2688 1355 2771 prin·

213 2791 329 2874 eipium
352 2810 421 2857 esse
444 2793 625 2874 sapientiae,
649 2792 702 2874 qni
725 2793 817 2857 times
841 2791 1012 2857 dominum.
1037 2793 1063 2857 si
1088 2793 1220 2866 stultum
1242 2797 1355 2876 putant

213 2914 280 2959 esse
308 2896 390 2976 quod
417 2897 565 2979 gerimus,
592 2897 750 2980 gratulare
780 2896 923 2960 conscius
950 2895 1018 2977 tibi,
1045 2896 1120 2978 quia
1146 2914 1223 2979 opus
1251 2897 1300 2961 dei
1323 2900 1355 2961 et

161 3023 186 3062 as
212 3003 412 3082 praeseptum
446 2999 562 3066 Christi
595 3002 697 3085 geris,
735 3005 766 3065 et
797 3001 1015 3080 reminiscere,
1051 3001 1199 3083 queniam
1234 3002 1355 3065 stulta

213 3103 339 3167 mnndi
363 3104 478 3188 elegit
501 3105 605 3186 deus,
635 3111 675 3169 ut
696 3106 902 3170 confundat
928 3105 1125 3187 sapientia,
1154 3108 1186 3168 et
1207 3105 1353 3186 quoniam

212 3207 306 3289 quod
329 3209 486 3273 stultum
511 3213 567 3273 est
590 3210 661 3290 dei,
685 3210 898 3292 sapientius
919 3207 1213 3274 estheminibus.
1237 3208 1353 3273 talibus

212 3317 317 3377 autem
350 3313 433 3377 uelle
466 3314 594 3397 purgari
627 3314 710 3378 idem
741 3318 789 3378 est
821 3314 902 3397 quod
931 3333 1024 3396 posse
1059 3312 1219 3378 Christum
1248 3313 1352 3396 ipsum

319 3450 347 3519 6]
366 3450 409 3504 Ps.
423 3452 465 3515 81,
479 3453 502 3506 5.
551 3450 896 3520 7]Ssp.5‚6;Msl.4,2.
950 3451 978 3519 8]
997 3449 1041 3505 Ps.
1056 3452 1096 3514 13,
1109 3454 1133 3506 3.
1150 3452 1206 3513 139,
1219 3452 1244 3504 4.
1309 3450 1352 3519 10]

211 3536 289 3599 Pes,
301 3540 333 3592 10
345 3540 373 3590 et
388 3538 462 3601 13‚3.
510 3537 887 3607 11](Ga1.5,9;100r.5,6).
935 3537 979 3606 12]
992 3537 1071 3601 Pes,
1084 3540 1108 3592 6.
1147 3537 1190 3606 13]
1203 3537 1248 3592 Ps.
1261 3539 1353 3599 1226.

214 3623 257 3692 14]
276 3622 305 3677 11
324 3623 393 3677 Tim.
407 3628 431 3688 2,
446 3627 486 3680 19.
542 3623 585 3694 15]
599 3624 679 3678 Eccli.
693 3627 735 3687 28,
749 3628 791 3681 28.
847 3625 891 3694 17]
904 3624 947 3678 Ps.
962 3628 1079 3688 Mssa
1092 3622 1172 3677 Lxx.
1185 3624 1259 3677 iuxta
1271 3623 1351 3676 Hebr.

214 3713 254 3773 10,
267 3713 291 3766 9.
346 3710 391 3780 19]
409 3710 491 3775 Psi,
507 3714 538 3767 16
557 3715 584 3765 et
604 3714 642 3766 17.
696 3711 855 3781 erllrim.
870 3714 894 3775 6,
909 3714 948 3767 11.
1002 3711 1048 3781 23]
1068 3709 1352 3778 (Ps.110‚10;Prou.

214 3799 263 3864 1,7
282 3800 310 3851 et
326 3800 351 3853 e.
367 3797 417 3866 re).
472 3797 517 3866 25]
535 3798 549 3852 1
568 3797 627 3852 sor.
644 3801 666 3862 1,
679 3801 719 3852 27.
774 3799 820 3867 27]
839 3797 875 3852 ib.
888 3800 930 3854 as.

256 3922 268 3974 1
288 3917 475 3972 maledixerint
486 3919 571 3975 FPU
619 3920 635 3973 2
655 3917 838 3988 exprobabunt
855 3921 882 3974 U
930 3917 1080 3987 inopiosa]
1100 3920 1141 3971 est
1158 3918 1221 3972 adei.
1235 3919 1355 3973 FLMU

212 4005 374 4060 iiustian
412 4005 538 4061 binum.
553 4007 590 4061 M
626 4006 858 4075 eornm]enimF
892 4005 936 4074 14]
949 4004 1160 4074 peruerterisM
1191 4003 1354 4059 disseditM

213 4094 245 4146 16
262 4092 369 4162 sagipae
391 4093 419 4148 U
469 4095 499 4148 17
519 4091 603 4146 zaboli
626 4093 656 4158 0,
676 4091 774 4146 diaboli
797 4099 842 4149 cet.
899 4095 931 4148 18
950 4091 1115 4145 cristianiO
1168 4093 1200 4145 19
1219 4091 1300 4159 sieut]
1320 4093 1352 4144 ut

212 4178 296 4234 FPU
339 4177 608 4235 sonuertaturFPU
650 4181 684 4234 20
698 4179 917 4234 incidantFPU
959 4176 1257 4233 22reddsrerationem
1270 4179 1355 4234 FPU

211 4266 337 4338 paussO
407 4282 463 4322 esse
485 4267 645 4340 principium
663 4268 721 4328 FU
770 4269 804 4327 28
822 4266 902 4340 uelle]
921 4265 1008 4326 uelo
1060 4266 1148 4342 ipsum
1166 4283 1217 4320 ona
1230 4266 1315 4328 FPU

1164 4355 1194 4410 μ’
