3052 4784
574 358 717 428 epistula
734 356 791 422 XV,
811 374 832 411 c.
846 360 921 413 3-4.
1259 340 1320 405 113

224 537 255 602 4.
283 538 331 602 De
358 535 543 603 cardamate
573 537 641 618 ipso
667 552 729 598 non
757 534 910 598 modicam
937 551 994 598 nos
1021 534 1218 598 unammitat'
1247 540 1320 599 tuae

181 642 317 727 gratiam
344 640 457 705 debere
483 638 675 723 profitemur,
706 657 801 720 quem
831 656 892 702 non
923 638 1024 701 solum
1050 620 1223 702 ministerio
1249 656 1321 722 pro-

182 751 307 812 uectum
338 747 393 811 sed
424 750 455 810 et
486 746 596 830 spiritu
625 743 839 827 proficientem
866 743 1049 826 recepimus.
1089 761 1162 807 nam
1188 761 1261 808 cum
1287 745 1320 809 in

182 851 289 917 diebus
313 849 575 934 Quadragesimae
599 849 779 913 aduenisset
805 852 836 913 et
859 866 931 911 eum
953 852 989 912 ut
1011 848 1157 912 clericum
1180 848 1318 913 fraterno

141 983 154 1024 e
181 956 409 1039 excepissemus
436 953 560 1034 affeetu,
592 953 748 1018 cotidiana
774 953 888 1016 ieiunia
914 970 976 1017 non
1002 953 1119 1036 refugit
1145 956 1176 1017 et
1201 970 1318 1036 paupe-

179 1079 245 1125 rem
266 1060 441 1125 meneulam
460 1058 657 1141 uespertinus
678 1059 812 1123 conuiua
830 1075 891 1122 non
911 1056 1031 1122 horruit
1054 1061 1095 1139 et,
1115 1059 1197 1140 quod
1216 1059 1317 1142 magis

179 1165 294 1229 mirum
318 1168 374 1244 est,
405 1163 555 1227 calicibus
582 1163 697 1226 nostris
720 1166 885 1226 contentus
909 1161 976 1244 luit,
1006 1165 1042 1226 ut
1063 1161 1316 1245 intellegeremus

178 1269 267 1333 illum
289 1269 370 1352 apud
394 1268 591 1332 sanctitatem
615 1269 754 1331 uestram
771 1265 982 1346 emendatum,
1006 1266 1086 1329 sicut
1100 1271 1157 1347 est,
1177 1268 1316 1350 apostolo

179 1373 294 1438 erudiri
321 1373 465 1437 nuciam
489 1372 592 1436 modio
616 1371 670 1434 sed
694 1371 813 1435 modico
837 1371 921 1451 uino,
952 1388 1012 1452 quo
1035 1389 1097 1434 non
1120 1376 1230 1434 uenter
1252 1371 1315 1436 dis-

125 1478 326 1558 intenditur,
358 1477 412 1541 sed
440 1494 491 1540 cor
516 1476 714 1555 laetificatur,
745 1474 891 1539 inebriari
918 1474 957 1538 ad
984 1473 1195 1555 sobrietatem,
1227 1477 1316 1558 spiri-

176 1583 231 1647 tali
253 1582 381 1665 crapula
402 1584 578 1645 ructantem
595 1580 651 1644 deo
668 1580 833 1662 hymnum,
856 1598 949 1660 quem
965 1597 1027 1643 non
1043 1580 1108 1643 solo
1132 1598 1184 1644 ore
1204 1581 1314 1662 uocali,

176 1686 230 1750 sed
254 1690 284 1750 et
307 1686 401 1750 tacito
424 1686 515 1751 corde
538 1685 694 1763 decamat,
718 1684 770 1765 qui
798 1685 994 1748 uoluntatem
1017 1683 1133 1747 domini
1157 1682 1240 1747 fideli
1266 1704 1314 1748 re-

176 1791 250 1873 cipit
283 1789 405 1870 euditu,
443 1789 495 1872 pio
529 1793 636 1852 narrat
670 1788 792 1869 eloquio
826 1791 857 1851 et
892 1791 1018 1852 atreum
1056 1789 1155 1871 inplet
1189 1787 1312 1854 effectu.

174 1893 394 1958 benedictus
421 1893 605 1973 dominus,
637 1892 698 1974 qui
721 1892 813 1956 lacit
839 1890 1043 1973 mirabilia,
1078 1893 1138 1974 qui
1162 1911 1313 1957 conuer-

124 2024 149 2063 ιι
175 1999 222 2063 tit
243 2017 370 2082 rupem
393 1999 429 2063 in
453 2016 581 2080 aquas,
605 1996 825 2062 Cardamatem
848 2001 879 2061 et
898 1997 1045 2061 clericum
1066 1997 1150 2078 fecit,
1173 2002 1208 2062 ut
1234 1998 1312 2061 uidi-

174 2121 254 2183 mus,
279 2108 311 2167 et
333 2103 482 2184 sobrium,
505 2106 541 2166 ut
563 2102 760 2166 credidimus.
786 2120 859 2165 nam
882 2107 918 2165 ut
941 2102 1134 2166 sollemnitas
1157 2102 1311 2186 paschalis

173 2207 332 2272 reuocauit
363 2207 428 2271 diee
461 2206 674 2290 prandiorum,
708 2206 877 2288 incipiebat
910 2206 999 2270 nobis
1033 2206 1115 2270 circa
1149 2207 1311 2271 meridiem

173 2329 367 2376 murmurare
394 2312 514 2376 dicens:
539 2313 682 2376 exaruit
704 2312 801 2375 sicut
827 2314 966 2375 testum
992 2315 1102 2394 guttur
1130 2330 1245 2393 meum,
1277 2316 1312 2377 et

173 2416 301 2499 lingua
324 2434 404 2479 mea
426 2416 597 2480 adhaesit
615 2415 786 2479 faucibus
808 2415 908 2479 meis.
933 2415 1072 2479 defecit
1090 2417 1212 2480 anime
1231 2434 1312 2481 mea

118 2522 338 2585 aestuanter
365 2538 464 2600 meus,
494 2524 526 2584 et
552 2538 571 2584 a
596 2520 681 2584 fame
707 2524 738 2584 et
763 2520 816 2584 siti
846 2520 1096 2584 adhaeserunt
1121 2537 1205 2584 ossa
1231 2539 1311 2585 mea

172 2624 272 2687 carni
295 2641 404 2688 meae.
429 2623 674 2707 respondebatur
697 2624 742 2688 illi
765 2624 904 2706 quidem:
932 2624 1004 2704 lili,
1030 2624 1066 2688 in
1092 2623 1309 2689 humilitate

172 2729 331 2808 sustine,
359 2733 395 2793 et
417 2728 745 2810 concupiscentiae
769 2729 912 2793 uentris
936 2746 1005 2792 non
1029 2729 1310 2811 adprehendant

170 2835 220 2912 te,
257 2833 332 2914 quia
365 2851 436 2897 non
469 2833 506 2896 in
540 2851 632 2916 pane
666 2834 743 2898 solo
777 2834 872 2898 uiuit
904 2834 1009 2897 homo
1047 2833 1110 2897 sed
1140 2834 1177 2897 in
1211 2836 1308 2899 omni

171 2934 283 3000 uerbo
306 2936 373 3000 dei.
400 2936 452 3000 ille
476 2941 581 3000 autem
605 2938 701 3002 siout
724 2938 856 3002 surdus
880 2955 950 3001 non
974 2936 1162 3018 audiebat,
1186 2942 1218 3003 et
1239 2940 1308 3003 sic·

116 3065 144 3105 se
170 3043 210 3103 ut
231 3040 381 3124 aspides
405 3040 536 3105 surdae
559 3041 760 3106 obturabat
782 3042 887 3107 nobis
911 3059 1017 3106 aures
1041 3061 1141 3123 suas,
1166 3044 1220 3108 sed
1243 3044 1307 3107 lru·

170 3147 242 3208 stra.
274 3144 313 3208 ad
339 3145 506 3227 prandium
532 3145 677 3228 cupiebat
702 3148 821 3228 inplere
848 3150 992 3210 uentrem
1020 3166 1126 3228 suum,
1158 3152 1190 3213 et
1214 3166 1305 3213 nemo

272 3315 300 3384 8]
320 3315 344 3383 (1
362 3315 429 3369 Tim.
443 3318 467 3380 5,
480 3317 531 3385 23).
587 3316 631 3386 14]
650 3317 693 3371 Ps.
707 3321 748 3381 71,
764 3321 803 3374 18.
874 3318 917 3372 Ps.
933 3320 990 3384 113,
1003 3322 1026 3376 8.
1088 3319 1132 3389 18]
1150 3319 1194 3374 Ps.
1209 3323 1250 3384 21,
1266 3323 1305 3375 16,

169 3401 214 3471 20]
232 3402 276 3455 Ps.
292 3405 350 3466 101,
362 3405 386 3457 6.
457 3403 503 3472 21]
526 3402 608 3457 Eccli.
621 3407 645 3469 2,
658 3407 676 3460 4
694 3409 721 3458 et
738 3407 780 3469 23,
793 3408 816 3460 6.
886 3406 932 3475 23]
952 3405 1031 3460 Dent.
1044 3409 1068 3470 8,
1082 3408 1111 3470 33
1129 3406 1225 3461 Matth.
1238 3410 1263 3475 4,
1276 3409 1291 3461 4
1297 3427 1305 3471 ;

168 3487 230 3542 Luc.
243 3490 268 3552 4,
280 3491 306 3544 4.
359 3489 404 3558 24]
422 3489 467 3544 Ps.
481 3492 523 3554 57,
536 3492 559 3544 5.
617 3491 662 3560 26]
682 3490 756 3559 (Luc.
772 3495 811 3556 15,
826 3494 877 3562 16).

212 3656 293 3708 lnos
315 3671 366 3710 om.
385 3653 471 3710 FPU
537 3654 768 3712 unianimitatiO
838 3614 1022 3724 auditurae
1091 3660 1157 3714 3et
1174 3677 1225 3714 om.
1243 3658 1308 3714 Lm

168 3739 309 3809 recipimus
331 3739 412 3796 OPU
471 3741 781 3811 4quadraginsiman
846 3744 1110 3813 hercepissimusO
1178 3745 1303 3800 bennui·

344 3825 356 3859 ι

167 3869 211 3922 uia
228 3870 255 3924 L
320 3868 440 3924 aborruit
457 3871 492 3938 L,
511 3871 650 3926 abhorruit
668 3875 705 3928 M
765 3874 1202 3942 aemendatoo,en1andatov
1262 3881 1304 3930 est

170 3954 220 4023 Ov,
243 3971 274 4010 ex
296 3962 342 4012 cst.
414 3957 565 4026 apostolic
633 3959 770 4016 medioU
839 3965 870 4017 10
893 3960 1045 4017 inebriaO
1116 3966 1145 4018 11
1171 3961 1223 4015 dffo
1241 3963 1307 4018 Lm

166 4041 251 4096 uocali
274 4044 343 4107 ΕΜ,
365 4043 465 4111 uocalis
488 4052 534 4100 oct.
606 4048 639 4101 12
662 4048 763 4115 queo
834 4051 867 4105 13
890 4048 985 4102 affectu
1008 4049 1066 4105 FU
1135 4051 1166 4104 15
1188 4048 1303 4106 faoitO

166 4129 289 4183 uidemus
315 4131 380 4186 Lm
448 4134 480 4186 16
504 4131 665 4186 credidimus
687 4134 717 4202 Ο,
745 4134 876 4188 credimus
899 4142 944 4190 cet.
1018 4139 1049 4191 17
1076 4135 1219 4190 reuocabat
1240 4138 1306 4192 ΕΜ

168 4218 200 4271 18
217 4219 288 4271 testa
305 4218 328 4285 (s
340 4219 371 4272 in
383 4235 436 4273 rus.
449 4219 487 4287 L)
505 4219 586 4274 LMv
638 4223 671 4275 20
690 4225 717 4275 ct
734 4222 761 4290 a]
780 4239 796 4275 a
814 4223 852 4276 M
899 4225 931 4279 21
945 4222 1068 4290 equidem
1080 4223 1145 4277 ΒΜ
1192 4225 1300 4277 226011-

167 4303 367 4372 cupiscentiav
436 4304 618 4373 adprehendat
644 4307 675 4376 O,
697 4308 896 4377 apprsehendat
919 4327 936 4366 v
992 4312 1038 4366 123
1061 4308 1116 4363 solo
1134 4325 1201 4379 pane
1219 4309 1304 4368 10Ρο

216 4397 321 4440 XXVIIII.
331 4397 417 4440 reruni
429 4396 477 4441 Nol.
487 4399 599 4452 epletulas.
1128 4398 1145 4448 8
