3036 4770
157 341 222 409 392
495 352 522 408 ἃ
534 351 668 407 Paulini
686 350 807 405 Nolani
825 352 972 420 episcopi

158 550 280 616 quoque
303 530 354 598 dci
376 547 491 594 munus
513 527 775 611 praetereundum
798 527 931 606 uidetur,
962 527 1045 607 quod
1068 527 1163 591 etiam
1187 544 1301 591 nomen

157 637 289 719 acecpit,
320 653 381 717 quc
408 650 492 697 nuno
519 636 551 696 et
576 631 810 715 regeneratione
837 633 982 694 censetur
1005 635 1037 694 et
1058 631 1097 695 ab
1122 632 1302 696 hominibus

158 747 190 807 et
211 741 252 806 ab
272 739 392 823 angelis
414 736 574 810 scribitur;
596 735 756 819 gentilicio
773 735 858 798 enim
874 736 963 818 signo
979 735 1110 819 Valgius
1131 736 1303 800 uocabatur

158 847 212 930 qui
235 863 319 910 nuno
334 844 441 907 Victor
464 860 483 906 a
505 840 630 904 domino
653 841 775 920 dieitur,
799 843 832 904 et
853 844 903 903 est
925 841 1023 903 uictor
1046 840 1078 903 in
1103 841 1229 904 domino
1251 843 1303 922 qui

158 951 202 1015 illi
234 952 344 1032 aptum
374 963 468 1028 opera
501 945 533 1008 in
564 944 668 1027 ipsum
699 962 756 1007 sua
786 961 901 1007 nomen
934 944 1080 1026 inposuit,
1112 945 1185 1026 quia
1217 945 1306 1009 uide·
1343 971 1351 1008 r

157 1055 233 1120 licet
255 1057 288 1117 et
309 1053 342 1116 in
365 1050 446 1114 mari
468 1050 506 1112 dc
529 1047 769 1130 tempestatibus
798 1052 889 1129 atque
918 1049 1080 1131 naufragio
1102 1068 1159 1131 per
1181 1050 1305 1114 adiuto-

158 1160 239 1224 rium
260 1155 377 1222 Christi
397 1158 428 1218 ct
447 1173 546 1235 nuper
566 1153 597 1216 in
618 1155 702 1216 terra
721 1172 777 1235 per
796 1151 936 1216 eiusdem
955 1154 1088 1236 gratiam
1111 1153 1146 1218 de
1166 1156 1305 1237 peccatis

159 1267 191 1329 et
213 1260 336 1325 diabolo
359 1257 575 1340 triumphauit,
605 1257 748 1321 uidelicet
771 1260 806 1320 ut
828 1260 912 1322 totus
935 1258 966 1321 in
991 1257 1114 1322 Christo
1137 1260 1305 1323 nouandus

159 1386 260 1449 neque
283 1365 316 1429 in
340 1363 465 1427 nomine
489 1380 589 1443 neque
611 1363 643 1424 in
666 1361 793 1425 homine
816 1363 915 1426 ueteri
936 1367 1142 1445 permaneret.

202 1469 232 1534 3.
256 1468 339 1532 Mira
366 1465 443 1529 fides
471 1471 502 1529 ct
529 1464 695 1528 ineffabilis
718 1467 820 1549 pietas
844 1466 961 1530 domini
987 1467 1144 1547 salutarie,
1175 1469 1229 1548 qui
1256 1487 1307 1531 sc·
1333 1495 1351 1531 n

160 1591 243 1654 nem,
274 1573 301 1637 ei
322 1571 402 1635 forte
430 1587 539 1634 somno
561 1570 649 1652 piger
671 1571 787 1634 lentius
810 1571 849 1635 ad
871 1570 1007 1654 gerenda
1030 1576 1245 1653 consurgeret,
1276 1575 1307 1635 ct

160 1676 246 1743 molli
269 1694 366 1741 manu
388 1678 462 1738 ante
484 1657 701 1758 praepalpans,
732 1694 771 1739 ne
794 1676 935 1758 trepidus
959 1675 1190 1758 expergefieret,
1215 1677 1307 1740 uelli-

159 1787 229 1849 cata
251 1780 366 1844 blande
394 1780 533 1843 auricula
560 1779 732 1859 suscitauit,
765 1798 837 1844 cum
859 1780 970 1843 leuiter
997 1780 1138 1843 adnitens
1167 1799 1308 1844 seuera

159 1886 259 1971 primo
288 1884 395 1949 statim
423 1887 537 1947 conatu
565 1901 621 1947 suo
649 1884 795 1948 manibus
823 1884 970 1966 angelicis
994 1902 1043 1948 res
1067 1884 1193 1948 effectas
1217 1885 1307 1949 uide-

159 1994 216 2058 ret.
241 1989 292 2053 uix
314 1988 479 2052 rudentem
500 1988 589 2069 quasi
609 1988 758 2052 ducturus
779 1988 944 2072 adtigerat,
967 1989 1031 2052 iam
1052 1989 1252 2052 exsinuatum
1272 1990 1306 2053 in
1334 2017 1351 2054 c

160 2098 269 2161 leontos
304 2110 377 2157 suos
412 2093 551 2175 siparum
584 2092 691 2157 stabat
722 2094 773 2158 uel
807 2093 897 2157 nauis
930 2094 1002 2157 uela
1036 2092 1181 2157 faciebat.
1222 2111 1307 2176 aqua

160 2199 247 2265 rimie
275 2198 365 2264 nauis
394 2201 523 2279 accepta
549 2216 690 2281 mergere
718 2201 938 2280 temptauerat,
970 2202 1001 2262 ct
1026 2202 1099 2280 post
1124 2217 1226 2261 unum
1253 2198 1306 2262 uel

160 2305 293 2371 albarum
325 2301 431 2366 breuis
463 2301 652 2366 sentinaculi
677 2302 827 2366 baustum
854 2321 963 2366 umore
994 2302 1144 2366 destricta
1173 2302 1307 2366 siccata-

160 2427 220 2493 que
244 2407 316 2472 naui
341 2406 422 2488 quod
445 2410 552 2490 ageret
576 2424 638 2470 non
659 2406 807 2487 habebat,
838 2411 969 2489 stupens
991 2407 1130 2471 laborem
1154 2406 1214 2470 sibi
1238 2408 1306 2471 sinc

161 2512 265 2581 tuliore
292 2511 452 2594 praecerpi
479 2514 511 2574 et
537 2515 643 2575 actum
670 2530 763 2575 suum
791 2512 912 2575 occulta
942 2530 1037 2576 manu
1060 2512 1247 2595 praeueniri,
1279 2513 1306 2576 si
1332 2538 1351 2576 a

161 2616 240 2682 lirino
263 2615 385 2680 occulta
404 2615 515 2678 dicitur
535 2633 613 2696 quae
634 2618 701 2678 tam
720 2617 920 2698 perspicuum
939 2615 1119 2698 praestabat
1141 2616 1305 2680 auxilium.

160 2720 215 2788 alid
239 2738 296 2785 noc
318 2719 378 2801 ipsi
400 2722 579 2801 operatores
602 2719 796 2803 simplicibus
823 2720 1070 2784 innocentissimi
1096 2721 1181 2784 senis
1205 2722 1306 2785 oculis

160 2823 442 2898 subtrahebantur;
474 2842 549 2887 nam
576 2841 669 2907 saepe
696 2825 776 2888 uidit
803 2828 950 2905 armatos,
977 2824 1122 2888 uidelicet
1148 2824 1186 2887 de
1219 2844 1307 2889 exer-

160 2930 225 2995 citu
253 2927 332 2993 caeli
358 2928 474 2992 milites
503 2928 654 2992 excubare
681 2929 805 3012 nauigio
834 2933 865 2992 et
887 2932 1000 2993 cuncta
1022 2928 1141 2992 nautici
1164 2930 1306 2994 muneris

161 3033 388 3101 mlrninietrarc.
428 3050 486 3096 nco
513 3051 588 3097 sane
615 3050 729 3097 nauem
756 3034 843 3097 illam
867 3033 929 3097 nisi
951 3033 1054 3115 angeli
1076 3035 1190 3097 nautae
1215 3034 1308 3098 deoc·
1331 3056 1351 3096 a

162 3138 247 3220 bant,
271 3137 321 3201 cui
341 3136 591 3221 gubernaculum
615 3141 682 3202 crat
704 3137 813 3201 mundi
832 3138 1031 3221 gubernator.
1054 3138 1121 3221 ipse
1144 3137 1233 3201 enim
1254 3138 1307 3202 do-

161 3244 266 3311 miuus
290 3260 374 3307 nunc
397 3260 452 3307 suc
476 3242 566 3306 uultu
592 3259 750 3324 coruscus,
782 3246 817 3306 nt
841 3243 873 3306 in
896 3242 1084 3326 Apocalypsi
1107 3241 1305 3322 describitur,

161 3352 194 3415 ot
208 3351 307 3412 borna
328 3346 478 3430 fulgidus,
508 3365 592 3410 nunc
619 3347 804 3412 confessoris
832 3350 863 3411 et
885 3347 979 3411 amici
1001 3347 1060 3426 sni,
1091 3346 1208 3409 domini
1232 3347 1306 3427 mei,

271 3570 315 3642 12]
334 3570 423 3641 (Verg.
436 3569 491 3626 Ilei
506 3570 552 3636 VI,
565 3571 601 3641 3).
654 3571 700 3640 27]
719 3570 811 3640 (Apoc.
826 3574 849 3637 1,
864 3572 914 3642 14).

205 3786 221 3841 b
240 3783 335 3853 aptum
353 3795 434 3851 opera
451 3780 480 3835 in
497 3780 587 3850 ipsum
604 3795 654 3834 sua
671 3780 701 3849 0,
720 3779 755 3833 ad
768 3795 907 3849 operosus
924 3779 952 3833 id
970 3779 1057 3849 ipsum
1075 3797 1092 3834 o
1145 3783 1160 3836 7
1179 3783 1268 3850 gratia
1284 3783 1307 3838 0

164 3876 195 3933 tlt
214 3868 356 3941 mispraO
410 3867 535 3922 salutarie
557 3867 781 3932 0‚sa1uat0risv
834 3869 867 3924 13
883 3866 1013 3924 lanitcrc
1067 3869 1099 3923 15
1118 3866 1307 3925 ducturumO

162 3954 310 4029 adtlgerat]
329 3971 390 4011 cum
409 3954 501 4009 uelum
519 3954 624 4009 uideret
641 3955 735 4010 adda
796 3954 824 4008 iu
843 3957 934 4008 contos
952 3969 1024 4007 suos:
1043 3970 1188 4022 supparum
1207 3956 1307 4026 Rosw,

160 4046 189 4105 in
209 4048 320 4102 cunctos
339 4058 400 4098 suos
420 4042 557 4112 siparum
578 4042 609 4109 O,
627 4041 656 4095 in
675 4043 767 4094 contos
786 4057 858 4095 euos:
877 4040 899 4094 si
917 4057 1046 4110 parumc
1117 4044 1149 4097 16
1167 4041 1211 4095 uel
1230 4046 1307 4097 nauis

160 4133 222 4193 acl·
237 4132 288 4204 Oc,
307 4130 367 4187 uela
379 4130 456 4187 nauis
469 4130 563 4187 Saecb.
617 4128 753 4196 aquamO
807 4130 839 4185 18
851 4128 976 4182 baustum
989 4127 1101 4182 humore
1118 4131 1187 4185 coni.
1202 4132 1307 4200 Saocb,

159 4224 308 4283 habituum
327 4236 371 4275 oro
394 4219 438 4277 Oc
491 4216 657 4271 districtoO
720 4212 760 4271 ’27
785 4214 944 4270 describitur
965 4216 1063 4285 Bocao,
1087 4215 1242 4286 discribitur
1264 4220 1306 4275 Oe

158 4314 195 4375 llll
212 4307 293 4367 amiel
311 4324 335 4379 c,
353 4305 434 4362 aoirni
457 4304 479 4362 0
