3036 4770
356 303 528 372 appendix.
548 305 690 374 epistula
709 304 747 358 ad
766 306 965 373 Marcellam,
983 326 1005 365 e.
1019 312 1095 367 6-8.
1231 294 1296 360 435

151 486 182 541 et
194 482 308 541 extendi
324 485 360 542 ad
372 482 503 542 brauium
518 500 660 557 supernae
675 485 847 557 necationis,
864 488 896 545 ut
911 489 1110 562 apprehendas
1126 490 1157 548 in
1173 508 1228 565 quo
1244 509 1296 565 up·

150 577 296 652 prehensa
311 596 342 638 es
357 582 387 638 et
401 578 524 654 accipias
540 597 672 639 coronam
688 579 817 640 iustitiae
839 584 867 639 et
884 582 1011 641 diadema
1029 585 1138 658 gloriae
1156 587 1190 645 de
1209 602 1296 645 manu

152 674 271 745 domini,
290 692 410 749 cumque
426 693 531 750 magna
546 675 606 735 dios
621 676 672 734 illa
686 676 719 734 in
734 677 801 751 igne
818 678 943 752 coeperit
958 680 1089 760 muciani,
1105 699 1165 741 uon
1180 699 1296 741 concre-

153 772 248 830 metur
262 787 334 844 opus
350 774 434 841 ¹tuum
455 771 596 845 sapientis
616 770 694 845 ignis
713 772 852 845 examine,
872 775 921 833 sed
944 779 1089 849 probetur,
1114 794 1166 836 nec
1186 777 1296 837 exstin-

108 881 126 920 s
153 867 260 940 guntur
278 866 375 926 lumen
394 869 485 934 tuum,
507 868 556 925 sed
575 866 652 926 inter
667 868 767 927 stellas
787 869 921 928 clariores
941 856 1051 942 emicet,
1072 872 1228 932 interillos
1247 872 1296 947 qui

154 960 344 1037 fulgebunt
363 961 459 1021 sicut
478 962 530 1021 sol
549 963 584 1021 iu
601 979 706 1037 reguo
726 963 780 1022 dei
802 968 836 1023 ot
855 965 947 1024 sicut
967 967 1049 1025 luna
1067 968 1104 1025 in
1119 972 1297 1028 aeternum

153 1055 325 1130 perfecta,
342 1073 413 1132 quos
428 1058 484 1117 iarn
500 1076 560 1133 per
575 1059 660 1118 diem
677 1059 728 1118 sol
744 1075 811 1118 nou
830 1063 908 1119 uret
923 1079 1032 1136 neque
1048 1063 1131 1122 luna
1147 1081 1206 1139 per
1220 1080 1297 1125 noc·

154 1155 231 1212 tem.
262 1156 350 1213 amnt
371 1153 448 1213 enim
467 1157 669 1228 permanentes
688 1154 720 1213 in
740 1155 918 1215 Hierusalem
938 1161 1008 1217 urbe
1027 1157 1078 1217 illa
1096 1159 1227 1240 caelesti,
1252 1158 1298 1219 cui

155 1248 217 1322 ipse
232 1249 375 1321 dominus,
392 1251 425 1308 ut
439 1250 578 1324 scriptum
594 1253 647 1321 est,
664 1251 719 1309 erit
734 1253 763 1308 ot
778 1268 882 1312 nomeu
898 1256 927 1312 et
944 1252 1049 1313 lumen.

98 1360 128 1400 ro
201 1350 229 1404 8.
246 1344 385 1404 videntes
408 1362 475 1420 ergo
497 1348 526 1404 et
547 1346 749 1421 praeuideutes
771 1346 802 1405 in
823 1347 928 1422 spiritu
952 1350 1139 1409 reuelationis
1161 1350 1215 1410 tibi
1237 1367 1298 1409 ma-

155 1456 243 1514 gnam
261 1440 429 1516 perennium
450 1441 616 1517 gaudiorum
638 1460 758 1502 messem
773 1442 931 1516 florescere,
948 1445 1123 1505 exsultamus
1140 1446 1171 1505 in
1187 1447 1298 1506 domiuo

157 1537 187 1594 et
201 1537 415 1611 congaudentes
430 1536 571 1597 fructibus
587 1538 646 1597 tuis
662 1538 693 1597 iu
705 1555 772 1598 uoce
788 1540 991 1599 exsultationis
1005 1542 1147 1616 psalmum
1164 1542 1297 1601 dicimus:

156 1649 281 1707 magna
309 1650 412 1708 opera
442 1634 585 1705 domini,
620 1635 798 1708 exquisita
828 1636 921 1695 inter
951 1655 1065 1696 omues
1096 1638 1298 1698 noluntates

157 1726 241 1786 eius.
266 1728 334 1802 quia
351 1729 383 1787 in
399 1729 519 1788 multum
538 1732 720 1789 abundauere
739 1731 941 1791 tribulationes
961 1733 1032 1802 eius,
1054 1734 1300 1808 superabundauit

103 1841 129 1880 rs
158 1823 273 1883 bonitas
292 1825 364 1896 eim,
384 1826 611 1900 quandoquidem
631 1829 659 1885 te
678 1827 709 1885 iu
725 1845 822 1886 eorum
841 1831 917 1889 sorte
935 1829 1048 1887 uocauit
1063 1830 1200 1904 perennis
1216 1829 1299 1888 laeti·

125 1929 130 1941 '
158 1919 215 1978 tiae
235 1923 264 1980 et
283 1921 439 1981 hereditate
459 1923 575 1982 caelesti
596 1925 625 1981 ct
644 1922 674 1980 iu
694 1923 800 1983 honoro
821 1924 912 1999 regali
932 1928 961 1983 et
979 1941 1116 1984 consessu
1137 1925 1299 2000 superindi-

159 2015 232 2075 ciali.
249 2017 413 2077 tolerandae
429 2021 499 2077 suut
513 2019 565 2077 boc
581 2018 692 2079 saeculo
708 2019 879 2079 humilitatis
894 2021 1054 2095 passiones,
1071 2039 1143 2095 queo
1159 2021 1212 2080 tibi
1227 2039 1299 2095 pen·

159 2111 249 2183 sauit,
273 2116 302 2172 et
324 2115 370 2183 tu,
393 2114 556 2187 benedicta,
580 2115 713 2174 similiter
735 2115 811 2174 inter
833 2116 902 2175 baec
924 2119 1012 2175 uerba
1033 2117 1191 2188 consolare,
1216 2119 1249 2175 ut
1272 2120 1301 2176 et

159 2209 288 2267 ueterum
308 2210 435 2268 dolorum
454 2210 634 2269 obliuiscaris
651 2213 679 2269 et
698 2211 729 2269 iu
749 2211 894 2285 praesenti
913 2212 1069 2287 proposito,
1090 2230 1144 2286 quo
1163 2213 1199 2270 ad
1214 2229 1301 2286 opera

105 2323 133 2363 ro
161 2303 299 2363 salutaria
313 2304 433 2364 eleuasti
448 2323 551 2365 manus
566 2310 632 2365 tues
648 2307 730 2366 corde
748 2305 874 2381 perfecto
893 2306 1015 2379 tirmata,
1035 2307 1205 2367 fiducialiter
1219 2306 1299 2366 iutu-

159 2416 255 2459 rorum
271 2403 409 2461 bonorum
424 2401 478 2460 tibi
493 2405 658 2477 perpetuam
674 2401 840 2462 felicitatem
856 2402 963 2462 festina
980 2403 1164 2464 meditatione
1178 2403 1299 2478 promit-

159 2497 206 2554 tes
225 2498 309 2570 teque
325 2496 416 2572 ipsam
432 2496 463 2556 in
484 2497 559 2559 caelo
579 2499 673 2557 animo
693 2499 836 2574 gestiente
855 2516 1033 2573 praecurras,
1051 2502 1079 2558 et
1098 2500 1164 2558 dum
1184 2515 1300 2573 corpore

166 2710 169 2714 μ
266 2683 293 2753 1]
311 2683 494 2753 (ruriam).
547 2685 575 2754 a]
594 2685 618 2753 (1
637 2685 734 2749 cosa,
748 2687 798 2754 13).
851 2686 880 2755 a]
899 2685 994 2740 natea.
1010 2689 1050 2750 13,
1061 2688 1103 2742 43.
1150 2687 1193 2741 rs.
1207 2689 1301 2751 aeas

161 2771 190 2842 a]
208 2771 252 2825 rs.
267 2773 325 2836 rao,
338 2776 362 2826 c.
416 2772 443 2840 s]
463 2772 554 2841 (spos.
567 2774 671 2841 aaran
727 2773 771 2842 13]
790 2773 833 2826 rs.
846 2776 903 2837 110,
913 2776 937 2829 2.

203 2958 221 3012 2
239 2956 352 3026 accipies
369 2957 457 3014 Roaw.
530 2955 666 3025 coronam]
690 2971 813 3009 eoronam
837 2955 892 3009 uite
914 2959 942 3010 et
963 2973 1005 3026 sy
1074 2960 1091 3012 3
1109 2960 1241 3012 cremetur
1258 2975 1300 3012 au

160 3043 364 3113 lsopieutisp
425 3043 486 3111 igne
503 3060 523 3096 u
584 3043 689 3097 bsieut
706 3041 745 3096 sol
763 3061 815 3098 om.
829 3061 848 3097 u
913 3046 1013 3112 ‘iquos
1031 3044 1085 3097 iam
1103 3056 1204 3114 appu,
1222 3060 1300 3113 quos·

162 3131 225 3186 dam
245 3148 273 3200 a,
296 3146 361 3200 quos
384 3131 464 3185 etiam
486 3131 576 3187 Roow.
630 3132 720 3183 exuret
742 3141 765 3198 ψ
817 3134 834 3187 8
856 3131 884 3183 in
902 3130 967 3183 irim
985 3129 1051 3184 urbe
1069 3129 1115 3184 illa
1134 3130 1223 3184 celesti
1242 3147 1301 3202 per-

162 3221 340 3287 manentesu
394 3210 428 3273 10⁴
443 3217 614 3287 prouidentes
631 3235 649 3269 u
701 3232 799 3285 magna
811 3215 861 3270 tibi
879 3234 906 3285 u,
925 3233 1037 3285 maguae
1055 3216 1104 3270 tibi
1122 3229 1154 3286 ψ,
1172 3233 1301 3286 magnum

162 3304 249 3360 tibio
302 3309 332 3362 11
346 3304 471 3374 messem]
484 3303 602 3374 praemia
615 3320 710 3369 essese,
729 3320 784 3356 esse
802 3320 819 3354 v
874 3306 903 3359 ll
919 3307 946 3357 et
958 3303 1136 3357 exultamusc
1190 3306 1224 3360 12
1235 3321 1301 3373 guu-

40 3451 47 3463 ,
162 3393 255 3448 dentes
267 3404 319 3462 cu
379 3389 541 3460 fluctibusy
601 3390 667 3459 tuis]
686 3389 740 3443 suis
758 3407 778 3444 a
838 3388 935 3458 psalmi
952 3402 1023 3459 cup
1084 3389 1210 3459 dicimus]
1229 3390 1300 3443 cani·

162 3470 222 3535 mus
240 3480 327 3537 Rouw.
379 3481 426 3535 <13
444 3478 525 3547 iuter]
544 3477 572 3531 iu
590 3495 631 3531 av
695 3475 833 3530 uoluntate
851 3495 868 3528 v
935 3479 966 3531 14
985 3477 1013 3529 in
1032 3475 1160 3545 multum]
1182 3475 1301 3530 inultum

161 3585 213 3636 aa,
237 3556 399 3634 multumne
467 3564 616 3619 abundauit
638 3563 744 3617 bonitas
767 3563 823 3617 eius
847 3562 1060 3632 superabundare
1084 3561 1301 3616 tribulationibus

162 3654 217 3709 tuis
240 3651 454 3722 quandoquidem
476 3664 547 3720 cop
629 3654 659 3707 15
682 3651 710 3704 in
733 3655 832 3704 sortem
856 3666 945 3703 eorum
969 3668 989 3704 a
1067 3650 1176 3719 perenni
1198 3649 1302 3703 laetitia

162 3752 233 3810 ιιυψ
303 3742 336 3796 16
354 3738 473 3809 caelesti]
492 3739 558 3793 cesti
575 3757 593 3792 u
663 3739 691 3791 in
714 3752 838 3791 concessu
860 3748 932 3804 cup
1004 3740 1034 3792 17
1058 3735 1178 3790 tollerate
1201 3736 1302 3804 sinte

162 3828 226 3898 hoc]
249 3828 278 3883 in
298 3827 349 3882 hoc
371 3838 418 3895 ιιψ
488 3825 648 3880 humilitatis
667 3837 726 3894 >cua
750 3823 914 3878 humilitates
936 3824 1101 3894 uxyRoaw.
1172 3823 1301 3892 passionis

163 3915 253 3972 Rosia
323 3930 390 3983 quae
407 3930 423 3967 a
442 3913 490 3967 deo
509 3910 780 3982 recompensabuntur
798 3923 821 3979 ψ
893 3913 925 3967 18
948 3910 1018 3964 inter
1035 3910 1084 3964 hee
1102 3907 1183 3963 uerba
1201 3928 1250 3980 sy,
1273 3910 1302 3963 in

163 4003 206 4057 his
231 4001 321 4057 uerbis
347 4019 399 4069 av,
425 4001 534 4055 iuterim
560 4000 602 4054 his
629 3999 768 4067 uerbisp
837 4002 865 4052 et
891 4002 922 4051 ut
947 4015 967 4053 s
1039 4000 1071 4054 19
1098 3997 1161 4067 quo]
1186 3996 1257 4066 quod
1281 4015 1301 4051 u

162 4093 195 4147 21
215 4089 372 4145 felicitatem
389 4092 545 4158 perpetuam
562 4105 582 4141 a
642 4086 741 4141 festina
758 4103 800 4155 ay
861 4087 894 4140 22
914 4085 1015 4139 coelum
1035 4085 1122 4141 Rosia
1182 4084 1301 4138 animum

163 4181 285 4246 gestante
308 4187 331 4245 ψ
399 4191 553 4245 praecurras
576 4174 674 4242 Rosw,
696 4188 835 4243 percurras
856 4188 953 4240 ancy,
976 4187 1100 4242 procures
1113 4183 1146 4246 ip
1199 4171 1227 4224 in
1245 4169 1302 4241 celo

163 4265 252 4318 auimo
270 4264 369 4331 (anime
387 4263 414 4330 u)
433 4262 520 4333 celum
538 4262 667 4329 gestiente
685 4276 823 4329 percurras
841 4277 882 4314 au
934 4259 972 4327 et]
992 4261 1063 4327 utet

1096 4347 1146 4397 28*
