3036 4770
157 274 221 339 456
412 294 551 362 Operum
569 293 595 348 S.
608 293 740 348 Paulini
759 293 878 348 Nolani
897 295 1042 364 episcopi

157 475 243 534 huius
265 471 390 531 sciuris
413 472 568 544 immemor,
592 472 755 532 inconsulto
775 473 837 533 niro
859 472 966 535 uouisti
990 474 1102 534 domino
1123 475 1299 534 castitatem.

158 572 207 629 sed
222 569 381 645 periculose
395 568 574 642 promittitur
589 571 662 643 quod
678 570 769 629 adhuc
785 569 816 628 in
831 569 950 628 alterius
965 572 1109 644 potestate
1124 574 1182 639 est3
1200 574 1230 629 et
1246 588 1301 630 ne-

158 666 216 725 scio
237 682 320 739 qnam
340 667 424 738 grata
443 663 483 723 sit
499 664 628 737 donatio,
649 665 672 724 si
694 682 771 723 unus
786 665 887 725 offerat
902 682 960 724 rem
976 666 1104 725 duorum.
1134 666 1226 724 multa
1241 665 1301 724 iam

157 780 208 836 por
224 760 417 819 huiuscemodi
434 758 625 834 ignorantiam
643 764 672 820 et
686 761 848 820 audiuimus
864 764 892 821 et
908 761 1031 820 uidimus
1047 761 1139 822 scissa
1153 761 1301 837 coniugia,

86 923 89 929 ,
158 858 289 931 qnodque
304 855 444 915 recordari
460 855 549 931 piget,
569 857 716 916 occasione
733 858 876 917 castitatis
894 856 1064 917 adulterium
1083 860 1301 932 praeparatum,
1343 876 1357 914 s

158 970 224 1011 nam
240 953 305 1010 dum
318 967 377 1008 una
391 968 459 1025 pars
475 969 505 1009 se
521 951 606 1011 etiam
622 970 640 1010 a
655 952 742 1011 licitis
757 953 894 1021 abstinet,
910 953 1001 1011 altera
1015 953 1050 1010 ad
1066 952 1167 1011 illicita
1181 953 1303 1027 delapsa

158 1051 211 1107 est.
244 1050 272 1108 et
288 1047 385 1106 nescio
401 1047 432 1105 in
448 1047 497 1105 tali
514 1065 601 1107 censa
615 1048 680 1121 quis
696 1049 788 1123 magis
803 1048 942 1119 accusari,
962 1048 1027 1122 quis
1047 1048 1170 1123 amplius
1186 1048 1300 1122 culpari

158 1145 268 1215 debeat,
288 1146 384 1202 utrum
404 1143 452 1200 ille
472 1142 521 1216 qui
541 1143 674 1218 repulsus
693 1162 712 1202 a
730 1144 850 1218 coniuge
870 1143 1029 1203 fornicatur
1045 1162 1083 1202 an
1099 1143 1149 1202 illa
1164 1160 1237 1217 quae
1252 1161 1301 1203 re·

158 1240 288 1315 pellendo
308 1257 326 1296 a
344 1256 375 1298 se
395 1239 489 1297 uirum
510 1258 574 1298 oum
593 1238 776 1299 fornicationi
796 1242 917 1314 quodam
936 1241 1016 1299 modo
1035 1241 1129 1299 obicit.
1159 1243 1245 1313 atque
1266 1243 1302 1300 ut

159 1353 244 1410 super
259 1335 313 1393 hac
332 1352 419 1394 cause
439 1335 504 1409 quid
526 1335 634 1394 ueritas
653 1337 757 1395 habeat
776 1353 926 1411 agnoscas,
946 1354 1037 1411 pauca
1057 1336 1125 1395 mihi
1146 1337 1179 1394 de
1198 1334 1303 1393 diuina
1330 1355 1357 1392 ιι

158 1430 328 1490 auctoritate
343 1432 477 1504 ponenda
491 1434 570 1490 sunt.
604 1432 775 1506 apostolicae
791 1432 937 1492 doctrinae
951 1432 1052 1506 regula
1071 1449 1122 1490 nec
1142 1448 1205 1490 cum
1220 1431 1302 1490 Ioni·

159 1526 246 1585 niano
266 1529 370 1600 aequat
389 1526 585 1586 continentiae
605 1544 691 1602 opera
711 1528 875 1603 nuptiarum
896 1546 948 1587 nec
967 1546 1030 1587 cnm
1046 1527 1213 1586 Manichaco
1229 1543 1302 1585 oon·

158 1623 238 1697 iugia
248 1622 427 1681 condemnat.
449 1622 490 1680 ita
501 1640 554 1681 uas
566 1623 713 1683 electionis
725 1642 758 1682 ac
769 1624 906 1698 magister
917 1623 1046 1698 gentium
1059 1623 1136 1682 inter
1146 1624 1303 1696 utrumque

159 1720 333 1792 temperatus
353 1717 459 1776 incedit
479 1736 511 1777 ac
531 1720 651 1791 medius,
674 1722 707 1777 ut
729 1719 882 1779 remedium
902 1718 1130 1779 incontinentiae
1150 1717 1304 1792 indulgeat

159 1815 188 1871 ιι
202 1814 237 1871 ad
252 1812 407 1887 praemium
424 1818 557 1888 prouocet
572 1815 791 1886 continentiam,
808 1818 943 1889 totusque
958 1815 989 1872 in
1005 1815 1058 1873 hac
1073 1830 1160 1873 causa
1174 1812 1237 1871 cius
1253 1813 1303 1873 hic
1331 1830 1358 1870 ιι

158 1926 262 1968 sensura
278 1912 332 1978 est,
353 1912 385 1967 nt
401 1927 434 1968 ex
449 1910 600 1984 utriusque
617 1911 764 1971 sententia
777 1913 954 1985 proponatur
969 1909 1088 1968 castitas
1104 1912 1154 1967 aut
1170 1912 1247 1968 certe
1264 1912 1302 1969 ab

160 2006 280 2078 utroque
296 2004 421 2064 debitum
437 2022 585 2066 commune
600 2006 737 2066 soluatur.

203 2106 252 2159 29.
277 2101 330 2159 Sed
351 2100 415 2174 ipsa
434 2100 490 2159 iam
511 2101 631 2176 apostoli
653 2105 740 2160 uerba
759 2119 899 2176 ponamus
918 2104 1063 2175 totamque
1086 2101 1161 2160 hanc
1182 2117 1303 2160 causam

157 2195 234 2253 asni
250 2195 392 2270 principio
407 2198 602 2256 retractemus.
634 2198 760 2271 loquitur
775 2197 851 2256 enim
866 2199 901 2256 ad
917 2196 1094 2256 Corinthios:
1113 2197 1152 2255 de
1171 2195 1303 2270 quibus

158 2293 270 2350 autern
297 2290 500 2365 scripsistis
526 2292 623 2362 mihi,
650 2297 772 2352 bonum
799 2296 852 2352 ost
875 2292 1005 2351 homini
1029 2291 1206 2352 mulierem
1231 2309 1303 2351 non
1330 2311 1358 2350 ιι

158 2389 311 2460 tangere.
343 2388 372 2445 et
387 2404 558 2460 quamquem
578 2388 624 2446 hio
640 2388 799 2448 laudarierit
818 2387 990 2459 castitatem,
1010 2390 1117 2459 muron,
1137 2405 1175 2446 nc
1194 2386 1302 2461 aliqui·

158 2484 211 2540 bus
235 2481 365 2540 uideatur
387 2482 536 2556 prohibere
559 2483 706 2557 coniugia,
732 2483 896 2557 subiungit:
923 2486 1067 2558 propter
1092 2481 1303 2542 fornicatio·

159 2594 232 2636 uem
253 2579 365 2635 autem
385 2579 626 2652 unusquisque
649 2597 742 2638 suam
763 2597 899 2639 uxorem
922 2579 1046 2639 habeat
1069 2581 1104 2638 et
1125 2594 1304 2650 unaquae-

158 2689 222 2745 qne
237 2689 333 2730 sunm
350 2672 459 2731 uirum
476 2673 614 2745 habeat,
634 2675 731 2733 uxori
747 2675 802 2734 uir
817 2674 968 2734 debitum
983 2675 1116 2742 reddat,
1137 2672 1305 2732 similiter

158 2770 269 2827 autern
291 2771 323 2826 et
343 2786 426 2828 uuor
445 2768 529 2828 uiro.
565 2769 688 2829 mulier
707 2774 818 2829 autern
839 2771 892 2829 sui
912 2770 1069 2845 corporis
1088 2771 1303 2844 potestatem
1330 2789 1357 2830 ιι

159 2879 225 2921 non
247 2863 349 2921 habet
368 2865 425 2922 sed
445 2864 509 2934 nir,
530 2867 563 2922 et
582 2865 636 2923 uir
652 2866 704 2925 sui
721 2867 877 2940 corporis
892 2868 1099 2940 potestatem
1116 2865 1303 2926 nonhabet

159 2959 215 3016 sod
236 2958 367 3018 mulier.
399 2959 509 3017 nolito
529 2959 691 3019 fraudare
712 2962 869 3020 inuicem.
905 2979 938 3020 ac
958 2978 1068 3031 rursus,
1089 2979 1125 3020 ne
1144 2963 1229 3019 tanta
1248 2979 1303 3037 pro

160 3053 325 3125 nuptiarum
336 3056 417 3126 parte
429 3054 547 3114 dicendo
558 3056 704 3115 uideretur
716 3057 862 3116 excludere
877 3057 1050 3126 castitatem,
1067 3056 1210 3129 sequitur:
1227 3057 1302 3117 nisi

159 3146 248 3206 forte
269 3167 307 3205 ox
326 3166 498 3208 consensu
518 3152 557 3208 ad
579 3154 727 3226 tompus,
751 3155 788 3210 ut
807 3153 940 3211 tuccetis
961 3151 1123 3212 crationi.
1155 3155 1184 3210 et
1199 3151 1301 3211 statim

158 3243 241 3316 quasi
264 3247 377 3303 recusat
400 3231 452 3304 hoc
475 3247 547 3319 quod
571 3246 643 3305 dixit
669 3248 708 3305 ad
732 3250 881 3322 tempuS,
908 3265 944 3308 ne
967 3266 1027 3307 non
1049 3250 1108 3306 tam
1130 3250 1300 3322 perpetuam
1328 3269 1357 3307 so

265 3482 307 3549 ror
327 3482 340 3534 1
360 3482 419 3536 cor.
433 3487 458 3546 u,
473 3487 494 3537 ι.
549 3485 595 3553 ιι]
614 3486 627 3538 1
647 3485 704 3540 cor.
719 3488 743 3549 ι,
757 3488 833 3541 ι-ι.
887 3487 933 3555 ιι]
952 3486 966 3540 1
985 3487 1045 3542 cor.
1059 3490 1082 3552 ι,
1096 3490 1119 3542 5.

201 3717 272 3771 deit
288 3722 365 3783 grata
383 3728 406 3784 ψ
458 3718 480 3770 si
499 3737 581 3773 ιιιιι
636 3721 716 3789 unus]
735 3724 763 3774 et
780 3737 848 3775 rinus
866 3739 887 3776 ιι
938 3721 1168 3791 ihuiuscemodi]
1187 3722 1263 3778 narn
1281 3744 1301 3779 ιι

159 3808 174 3857 5
192 3808 379 3871 praeparatum
397 3823 424 3871 ιι,
443 3809 625 3873 perpetratum
644 3818 667 3874 ψ
720 3810 735 3860 7
755 3807 869 3876 amplius
881 3825 908 3874 ιι,
927 3808 1049 3876 magistr
1100 3812 1117 3865 9
1135 3824 1195 3862 eum
1214 3828 1266 3865 οιιι.
1280 3829 1303 3867 ιι

159 3889 251 3959 obicit]
272 3889 371 3960 obiecit
389 3909 407 3945 ιι
479 3892 592 3959 quodam
618 3894 696 3946 modo
715 3893 797 3946 obicit
815 3893 1028 3963 fornicatiouip
1099 3899 1129 3951 ll
1150 3895 1208 3964 nec]
1229 3913 1262 3949 ne
1280 3916 1302 3953 ιι

159 3979 341 4044 insequere
394 3977 584 4031 continentiam
598 3981 670 4047 operi
683 3980 832 4048 nuptialiop
887 3980 945 4050 nec]
963 3996 997 4034 ne
1014 4000 1035 4037 ιι
1089 3983 1121 4036 14
1138 3982 1301 4054 remedium]

159 4067 185 4115 et
207 4063 400 4132 remediantur
473 4068 503 4120 15
531 4065 598 4135 cius]
622 4071 649 4119 et
675 4085 695 4121 ιι
767 4068 892 4122 illenim
915 4086 942 4131 ιι,
966 4072 1055 4123 autem
1080 4080 1111 4137 ψ,
1137 4086 1188 4125 om.
1206 4069 1299 4127 Rocsn

158 4151 192 4204 23
214 4156 242 4202 et
263 4151 684 4222 urnaquaqrre-habcatom.o1p
753 4158 787 4210 25
809 4157 898 4209 autern
922 4157 963 4211 bis
980 4167 1068 4225 ιιιψ
1136 4158 1301 4226 potestatem

159 4235 199 4288 sni
223 4236 338 4305 corporis
360 4255 381 4292 ιι
450 4240 483 4292 26
501 4256 547 4308 pr.
571 4240 635 4309 non]
660 4251 740 4311 nou
808 4244 843 4297 27
866 4254 1019 4312 rursump
1088 4245 1123 4300 30
1147 4247 1302 4314 recusetur
