3036 4770
221 287 280 351 174
552 306 577 361 S.
590 306 721 360 Paulini
741 306 858 361 Nolani
878 308 1023 377 episcopi

217 483 354 563 eaedem,
382 484 456 564 quia
477 483 624 548 uidelicet
648 503 709 548 666
732 488 839 567 666661
861 483 979 549 firmari
1002 485 1191 568 coniugium,
1219 485 1303 566 quod
1324 487 1358 550 in

217 585 341 652 Christo
358 591 390 652 et
405 589 535 652 ecclesia
550 593 675 672 pactum
696 592 753 668 est,
774 589 834 652 6161
852 589 952 653 666166
968 589 1057 653 16666
1077 589 1118 652 de
1139 589 1239 654 tribu
1254 589 1356 653 Iuda

216 690 299 755 idem
322 694 405 755 enim
429 693 572 757 dominus
595 694 652 757 leo
676 693 738 773 ille,
770 695 822 775 qui
844 693 950 773 uicit,
981 698 1011 757 et
1038 694 1186 757 catulus
1213 697 1261 757 est
1285 694 1359 758 leo-

215 797 289 876 nia,
317 813 374 860 sua
396 801 506 879 sponte
529 797 650 881 sopitus
677 801 710 860 et
737 816 756 861 a
783 801 884 861 semet
905 798 972 880 ipso
996 797 1209 877 resuscitatus,
1234 797 1273 862 de
1296 816 1359 879 quo

216 900 364 982 scriptum
389 905 450 964 est:
482 902 565 982 quis
589 902 792 966 suscitabit
816 905 918 965 eum?
954 901 1129 966 uoluntarie
1154 902 1237 965 enim
1261 903 1358 966 sacri·
1398 929 1418 969 6

215 1005 312 1071 licens
339 1024 394 1088 pro
425 1006 514 1070 nobis
541 1007 624 1088 patri
649 1006 786 1071 hostiam
813 1007 861 1070 661
888 1008 1022 1087 eorporis
1050 1005 1134 1070 idem
1157 1024 1300 1070 summus
1324 1010 1358 1070 61

214 1110 246 1174 16
267 1113 428 1174 aeternum
449 1110 602 1190 sacerdos,
624 1111 761 1174 animam
780 1129 880 1190 suam,
901 1111 1063 1193 sicutipse
1079 1113 1223 1190 testatur,
1244 1109 1357 1173 eedem

214 1215 384 1297 resumpsit
408 1219 563 1296 potestate
594 1233 656 1296 qua
684 1216 798 1296 posuit.
847 1215 906 1279 bie
936 1216 1056 1279 leonis
1087 1215 1249 1293 catulus,
1281 1215 1358 1296 quia

214 1317 297 1383 filius
324 1319 384 1398 dei,
415 1322 447 1382 61
472 1319 556 1383 idem
583 1321 656 1398 leo,
688 1320 759 1401 quia
786 1320 925 1400 aequalis
951 1319 1041 1401 patri.
1081 1337 1187 1400 quare,
1217 1324 1252 1382 ut
1279 1319 1357 1382 mihi

214 1423 348 1503 uidetur,
371 1423 443 1486 1616
466 1425 568 1505 661166
592 1427 640 1487 661
661 1424 758 1488 leoni:
786 1424 828 1487 de
851 1424 983 1488 edente
1007 1423 1125 1487 eriuit
1147 1440 1232 1486 6666
1253 1425 1290 1485 61
1313 1422 1357 1486 de
1385 1451 1410 1489 10

214 1531 364 1610 potente
392 1526 512 1607 dulce,
541 1528 699 1591 sciliceta
723 1529 877 1591 saluatore
901 1532 1016 1606 nostro,
1044 1525 1109 1610 <61,>
1135 1527 1223 1590 66166
1250 1544 1355 1591 sermo

214 1632 279 1695 uita
295 1636 352 1711 est,
367 1632 448 1695 hene
463 1631 553 1695 nobis
570 1650 674 1695 eseam
691 1633 785 1696 simul
798 1636 829 1695 et
841 1632 1011 1695 ruminauit
1026 1630 1139 1694 docens
1155 1634 1186 1694 et
1201 1631 1357 1713 prompsit

212 1736 392 1818 inpertiens,
424 1741 465 1815 et,
496 1737 523 1798 si
550 1737 652 1819 placet
679 1737 779 1816 aliter,
810 1741 846 1799 ut
872 1737 910 1799 de
940 1736 1051 1799 edente
1082 1754 1154 1800 6666
1181 1735 1225 1798 616
1252 1739 1355 1814 exeat,

214 1841 287 1922 quia
309 1841 358 1904 116
381 1841 437 1904 166
462 1840 504 1904 de
528 1841 628 1903 tribu
651 1840 741 1903 Iuda
764 1859 819 1921 pro
847 1841 935 1904 nobis
964 1841 1061 1903 uictor
1085 1859 1120 1903 er
1144 1857 1196 1904 ore
1219 1857 1275 1903 nos
1299 1839 1354 1902 ad-

212 1945 296 2008 uersi
310 1946 410 2009 leonis
426 1945 560 2027 eripiens
576 1945 643 2008 ideo
667 1950 809 2023 uenatur,
834 1950 869 2009 ut
891 1950 1004 2024 seruet,
1026 1945 1118 2025 66611,
1143 1947 1178 2007 61
1197 1943 1352 2024 61661661,
1382 1972 1405 2010 rs

213 2049 339 2131 frangit,
363 2055 398 2113 ut
413 2049 534 2128 solidet,
559 2049 689 2129 mandit,
714 2055 748 2112 61
762 2050 907 2132 integret,
930 2048 987 2113 166
1003 2049 1034 2111 16
1058 2047 1148 2112 66116
1173 2047 1266 2111 61666
1291 2066 1353 2129 quo

213 2154 449 2234 corrumpimur.
488 2153 689 2234 quamobrem
719 2157 862 2234 optemus
891 2153 982 2216 huius
1008 2152 1108 2217 leonis
1135 2152 1249 2235 praeda
1274 2151 1353 2233 fieri,

212 2275 251 2319 66
274 2258 372 2320 simus
396 2257 510 2339 praeda
533 2257 630 2320 leonis
654 2257 781 2320 inimici.
818 2257 990 2320 efficiamur
1013 2274 1085 2319 esca
1107 2257 1166 2335 dei,
1190 2274 1229 2318 ne
1253 2256 1353 2319 simus

213 2378 283 2424 6666
311 2362 473 2444 serpentis.
517 2362 588 2424 edat
618 2380 673 2425 uos
698 2361 850 2440 Christus,
883 2381 922 2424 ne
949 2359 1079 2424 nebulus
1105 2364 1201 2423 noret.
1240 2360 1352 2423 edente

213 2465 297 2528 enim
322 2464 454 2544 Christo,
485 2470 520 2528 61
543 2465 613 2545 diri,
644 2466 675 2529 16
703 2465 792 2529 66116
820 2465 1100 2545 consumiturque
1128 2464 1350 2528 consumimur.
1379 2489 1404 2529 ro

212 2567 354 2634 Christus
378 2570 493 2633 etenim
518 2571 584 2632 6116
607 2574 664 2649 661,
689 2574 720 2633 61
743 2571 874 2633 mortale
897 2570 956 2633 hoc
979 2587 1040 2632 non
1063 2569 1234 2651 poterimus
1258 2569 1352 2651 depo-

212 2693 295 2754 nere,
316 2674 378 2738 nisi
398 2674 630 2754 absorbeamur,
652 2675 725 2756 quia
744 2678 876 2739 mortem
895 2671 1351 2738 66616666166666101616166.

211 2778 298 2842 cibus
322 2784 427 2842 autem
451 2778 567 2843 Christi
595 2797 662 2842 esse
688 2797 747 2842 666
770 2797 948 2861 possumus,
981 2778 1040 2842 6161
1064 2778 1215 2840 faciamus
1239 2778 1352 2842 uolun-

211 2887 309 2947 tatem
333 2883 409 2962 eius,
433 2888 467 2946 ut
489 2884 626 2947 uicissim
652 2889 683 2947 et
702 2883 767 2964 1666
788 2883 877 2947 66116
898 2882 985 2946 61166
1005 2882 1069 2962 fiat,
1092 2883 1124 2945 16
1144 2899 1205 2963 quo
1226 2900 1352 2965 semper

314 3072 541 3142 2](1161.5,321.
629 3072 711 3142 1666.
725 3077 749 3135 5,
763 3076 787 3128 5.
876 3073 904 3142 3]
925 3071 989 3126 Gen.
1003 3074 1082 3135 4119.
1165 3071 1192 3139 5]
1211 3071 1255 3125 Ps.
1270 3073 1312 3135 53,
1325 3075 1350 3130 8.

211 3158 238 3227 7]
258 3158 451 3226 (Η616.7,17].
504 3159 740 3229 8](161.10,18].
796 3159 839 3227 ld]
860 3158 1052 3221 1611161114.
1108 3157 1276 3227 14]ΙΡ616.
1290 3161 1349 3221 5,8.

210 3245 256 3314 21]
275 3244 341 3312 (161.
354 3247 456 3314 rard).
501 3246 546 3315 22]
561 3246 584 3311 (1
604 3245 662 3300 (166.
676 3250 716 3309 15,
727 3250 778 3309 54].
824 3247 870 3315 23]
891 3245 957 3313 (leh.
973 3249 997 3308 4,
1011 3247 1063 3309 31].
1112 3245 1157 3314 24]
1177 3245 1350 3313 (161148).

252 3431 269 3484 2
288 3428 411 3482 tribubus
429 3430 459 3483 F
513 3429 588 3483 3166
607 3428 651 3482 ille
674 3432 704 3495 0,
724 3434 751 3481 61
768 3429 808 3482 166
829 3430 862 3491 F,
881 3431 907 3481 et
925 3428 965 3481 leo
983 3429 1027 3481 ille
1046 3435 1091 3484 cet.
1164 3431 1179 3482 5
1198 3427 1351 3482 uoluntario

214 3515 264 3583 06,
283 3515 461 3583 uoluntariam
481 3523 526 3571 661.
598 3516 750 3584 dcorporis
770 3516 808 3567 sui
829 3516 893 3569 ΒΜ
960 3519 987 3567 61
1009 3515 1143 3569 ueraLM
1209 3514 1350 3570 beatulus

208 3600 292 3656 leonis
310 3603 375 3657 ΕΜ
423 3605 591 3657 1166161111
641 3602 699 3654 ideo
718 3603 748 3656 F
798 3602 972 3669 66166661Ἰ
1023 3600 1147 3670 101616]
1167 3600 1208 3654 661
1227 3601 1262 3668 F,
1282 3600 1349 3654 nulli

209 3690 235 3743 L
254 3691 284 3743 16
303 3709 354 3744 ros.
428 3693 455 3745 ll
478 3689 579 3742 scilieet
598 3706 613 3741 a
630 3690 738 3757 ser-ipsi,
758 3689 809 3741 nisi
829 3705 843 3740 6
866 3688 896 3753 0,
916 3688 967 3741 6161
986 3689 1019 3753 L,
1039 3687 1090 3740 uisi
1109 3686 1142 3740 ed
1161 3688 1250 3754 FPU,
1268 3703 1349 3755 quam

208 3778 239 3829 16
257 3794 310 3831 ras.
329 3778 363 3843 L,
383 3793 398 3828 a
416 3793 467 3843 qno
486 3776 557 3829 enim
576 3792 681 3842 egressa
699 3780 740 3827 est
758 3775 809 3828 nisi
829 3792 843 3826 a
864 3776 904 3840 ili,
924 3792 939 3826 a
958 3790 1009 3841 quo
1028 3774 1098 3826 enim
1117 3774 1167 3826 nisi
1186 3790 1201 3826 6
1219 3791 1235 3828 6
1297 3773 1349 3826 sal-

209 3863 296 3916 uatori
315 3863 333 3928 (i
354 3864 382 3915 in
400 3863 466 3929 rus.)
485 3866 575 3914 nostro
594 3863 620 3915 L
692 3861 713 3914 si
733 3863 805 3925 urld,
824 3879 874 3915 666.
894 3879 914 3911 ω
987 3862 1018 3915 12
1037 3860 1107 3912 61166
1126 3863 1167 3912 661
1184 3852 1274 3927 FPU,
1293 3860 1350 3914 6116

209 3955 301 4058 estaL,
321 3992 377 4044 uita
396 4000 435 4044 est
454 3994 481 4044 et
499 3992 544 4058 qui
562 4009 577 4045 6
648 3991 771 4058 promisit
789 3992 872 4046 FPU
936 3993 967 4045 13
987 3989 1145 4058 imperciens
1164 3990 1248 4045 FPU
1310 3991 1348 4060 et]

209 4082 256 4132 aut
273 4082 337 4147 fort.
401 4083 431 4130 ut
450 4077 494 4145 de]
514 4077 585 4129 unde
603 4078 687 4132 FPU
748 4080 779 4131 111
798 4077 825 4129 16
848 4078 899 4143 06,
918 4083 1028 4132 666661.
1084 4078 1115 4130 19
1134 4075 1241 4129 6616166
1263 4077 1348 4143 OPU,

210 4165 330 4218 diabolus
349 4165 379 4217 F
437 4166 514 4217 66661
532 4164 573 4217 L¹
637 4162 867 4230 2066666661166]
887 4161 1036 4215 absumitur
1054 4162 1135 4216 LMo
1192 4165 1226 4217 21
1244 4165 1275 4216 61
1297 4164 1349 4232 06,

208 4255 299 4305 61661.
353 4251 582 4315 stomomate.
914 4242 917 4250 ’
