3036 4770
605 349 749 419 epistula
766 350 814 413 XI,
833 367 854 403 c.
867 352 961 406 8-10.
1312 332 1353 397 69

215 543 292 607 cpus
319 524 410 590 beatu
438 526 631 591 mercimonii
657 545 770 610 genere
797 530 955 590 uertentes
983 543 1046 590 ncn
1072 525 1163 589 modu
1191 525 1353 589 nobiscum

215 627 385 711 efferimus,
408 629 463 694 sed
486 633 558 694 ante
581 648 637 694 nos
661 631 756 694 etiam
779 630 812 694 in
835 631 939 694 sinum
961 629 1077 694 domini
1097 629 1251 694 seminata
1265 648 1354 713 prae-

214 733 379 798 mittimus.

260 836 309 901 10.
333 838 423 902 Vnde
446 839 671 922 praescriptum
695 838 838 917 arbitror,
861 842 898 903 ut
918 839 1005 923 piger
1028 841 1186 922 operarius
1204 857 1265 903 uon
1282 839 1354 903 edat

175 966 188 1004 5
213 960 339 1024 panem,
367 960 429 1007 nnn
456 943 601 1007 uidelicet
626 943 723 1007 istum
749 943 908 1026 pereuntis
939 944 1000 1007 cibi
1027 961 1152 1025 panem,
1183 943 1237 1007 sed
1263 943 1353 1007 illurn

215 1064 275 1129 quc
298 1047 415 1111 uiuitur
438 1048 471 1111 in
494 1066 602 1111 ueram
625 1048 735 1128 uitam,
759 1048 833 1129 quia
855 1048 1078 1130 unusquisque,
1102 1047 1183 1112 sicut
1203 1047 1353 1130 scripturn

215 1153 278 1230 est,
306 1150 523 1215 detractibus
551 1150 616 1215 suis
643 1151 846 1216 manducabit
872 1155 903 1216 et
929 1152 962 1216 in
989 1151 1133 1234 operibus
1164 1152 1229 1216 suis
1257 1152 1353 1232 uiuet,

214 1273 249 1318 ac
279 1255 406 1338 perinde
436 1274 528 1319 suum
558 1257 668 1338 cuique
698 1275 775 1339 epus
805 1257 895 1339 panis
926 1259 974 1320 est
1003 1258 1035 1320 et
1063 1257 1154 1339 panis
1189 1275 1282 1321 uerus
1317 1274 1353 1320 ac

213 1358 306 1422 uiuus
323 1358 465 1424 Christus
486 1363 543 1441 est,
566 1379 660 1441 quern
681 1379 743 1424 non
758 1363 862 1443 potest
878 1360 1066 1424 manducare
1081 1361 1168 1444 piger
1183 1360 1353 1444 operamne,

161 1486 188 1524 ιο
215 1463 289 1545 quia
310 1463 394 1527 idem
417 1468 466 1528 est
488 1464 604 1547 pascha
626 1467 778 1544 nostrum,
803 1464 885 1546 quod
908 1465 1042 1547 expediti
1065 1468 1158 1546 atque
1185 1465 1354 1548 praecincti

214 1571 246 1631 et
267 1567 398 1632 firmiter
421 1569 544 1632 calciati
566 1587 624 1632 nec
646 1568 794 1651 depositis
819 1586 837 1632 a
859 1587 954 1633 manu
978 1569 1107 1649 baculis,
1130 1569 1161 1632 id
1184 1572 1234 1633 est
1254 1569 1354 1652 eperi-

213 1670 272 1734 bus
296 1671 407 1754 quibus
432 1673 561 1737 nitimur
584 1691 757 1755 numquam
779 1672 929 1752 remissis,
961 1690 1033 1737 curn
1063 1673 1148 1737 omni
1173 1673 1354 1737 festinantia

214 1776 304 1840 edere
327 1777 544 1859 praecipimur,
573 1778 646 1859 quia
675 1781 821 1860 tempus
849 1776 961 1841 breue
984 1781 1040 1841 est
1063 1781 1094 1841 et
1117 1778 1240 1861 expedit
1262 1775 1352 1841 nobis

214 1880 294 1944 sine
319 1898 406 1944 cura
428 1901 524 1962 esse,
548 1882 629 1946 sicut
649 1882 808 1964 apostolus
829 1883 949 1962 suadet,
973 1885 1124 1964 prepter
1146 1883 1351 1947 instantem

162 2005 188 2046 ιε
214 1985 497 2067 necessitatem,
528 1989 564 2050 ut
586 1987 783 2051 inueniamur
805 1986 906 2068 parati
930 1981 962 2050 et
983 1986 1121 2069 pulsanti
1144 1986 1267 2050 dominc
1289 2004 1352 2050 non

214 2089 383 2154 timeamus
407 2091 526 2172 aperire
550 2091 587 2155 de
611 2091 799 2155 conscientia
821 2090 922 2154 somni
945 2094 999 2156 aut
1021 2091 1238 2174 neglegentiae
1259 2090 1353 2174 digna

214 2197 401 2258 metuentes.
429 2195 511 2276 quod
539 2195 664 2276 quidem
693 2194 782 2258 nobis
810 2195 888 2258 nihil
917 2196 1054 2278 proderit
1076 2194 1279 2259 nihilominus
1302 2214 1353 2258 ex·

214 2297 372 2362 trahendis
397 2300 428 2362 et
450 2299 489 2362 ad
512 2304 645 2362 mertem
669 2300 794 2380 quidem
817 2302 888 2381 pest
911 2303 1055 2379 mortem,
1078 2301 1113 2362 ut
1132 2299 1230 2363 iustas
1246 2299 1353 2382 negle-

213 2402 336 2485 gentiae
359 2406 453 2484 atque
477 2403 634 2486 inpietatis
656 2421 772 2485 poenas
796 2404 931 2483 luamus,
960 2403 986 2467 si
1010 2403 1111 2467 alieno
1132 2403 1234 2486 potius
1258 2421 1351 2485 quarn

160 2526 187 2566 ao
214 2509 319 2571 nostra
343 2508 467 2572 dominc
491 2508 702 2572 deseruientes
723 2507 992 2589 deprehendamur
1007 2507 1124 2571 saeculi
1140 2507 1241 2590 magis
1257 2523 1352 2588 quarn

214 2608 329 2675 Christi
352 2612 486 2694 negotiis
509 2612 651 2695 occupati
672 2613 873 2695 pulsantique
897 2612 1021 2675 domino
1045 2629 1104 2675 nnn
1129 2612 1304 2694 aperiamus
1321 2613 1353 2673 et

214 2714 252 2777 ad
275 2717 396 2798 patrem
420 2716 570 2780 ducamur
592 2717 691 2781 inniti.
717 2720 881 2799 propterea
902 2716 1089 2799 praedicitur
1108 2715 1207 2796 nebia,
1231 2717 1266 2779 ut
1287 2733 1351 2797 pro

213 2818 294 2898 hac,
317 2819 348 2882 id
372 2824 421 2883 est
444 2822 558 2900 anima,
588 2821 766 2885 laboremus
790 2824 822 2884 et
844 2837 968 2884 cremus
995 2820 1031 2883 in
1058 2823 1222 2901 tempore
1250 2836 1352 2901 cpcr-

213 2925 316 3003 tunc,
343 2924 401 2987 hoc
425 2928 473 2988 est
495 2924 662 3006 praesenti,
690 2925 722 2988 in
746 2925 832 2988 cuius
856 2924 993 3006 spatium
1015 2922 1084 2987 ideo
1106 2922 1293 3003 inducimur,
1316 2926 1352 2987 ut

161 3048 187 3089 as
215 3045 322 3091 ueram
344 3028 444 3092 uitam
467 3029 529 3092 ista
551 3029 638 3092 hreni
662 3033 693 3093 et
715 3031 898 3093 transeunte
921 3046 1117 3110 quaeramus
1155 3027 1247 3092 huius
1268 3027 1351 3091 uitae

214 3149 343 3215 campus
368 3132 404 3197 et'
421 3151 508 3217 ager
531 3134 688 3198 mundus
710 3134 771 3198 iste
795 3137 852 3198 est
873 3133 924 3197 uel
941 3133 1033 3197 hamc
1050 3133 1127 3216 ipse,
1151 3131 1204 3214 qui
1221 3132 1254 3196 in
1269 3132 1352 3195 hunc

213 3238 366 3302 mundum
390 3239 536 3319 mittitur,
564 3239 601 3302 de
625 3257 685 3321 quc
712 3257 809 3302 unus
835 3238 1057 3317 adsumitur,
1086 3255 1168 3317 cum,
1195 3241 1352 3318 utsupra

214 3341 357 3422 diximus,
381 3361 473 3406 carne
497 3343 619 3426 spiritui
642 3341 809 3425 subiugata
831 3342 891 3406 duo
914 3360 1012 3407 unum
1035 3341 1153 3421 fecerit,
1176 3341 1250 3423 quia
1273 3341 1351 3404 etin

316 3564 516 3635 urrunsa).
587 3566 616 3636 q
635 3565 877 3634 sinuessam).
949 3563 977 3634 s]
995 3565 1049 3631 (rs.
1062 3566 1120 3628 127,
1130 3564 1164 3632 a).
1235 3562 1262 3631 a]
1283 3562 1351 3628 (ron.

214 3654 303 3721 aas).
359 3653 402 3722 rr]
422 3653 478 3721 (nx.
493 3656 533 3716 12,
549 3656 599 3723 n).
654 3654 699 3723 ra]
718 3651 934 3716 iconicam
953 3655 980 3705 a
999 3654 1039 3706 32.
1097 3650 1140 3720 15]
1160 3649 1233 3717 (nuc.
1249 3653 1288 3713 12,
1299 3650 1350 3718 aa).

214 3740 258 3809 aa]
278 3741 408 3806 rauna
462 3741 723 3810 25](1Tim.6,19).
777 3739 1036 3809 nemausam.
1089 3737 1350 3806 carpetaneam.

259 3952 424 4006 luertentas
442 3966 475 4005 ere
493 3951 597 4003 utentes
615 3949 645 4004 F
659 3953 724 4003 Μ
779 3951 877 4003 duera
895 3947 951 4000 uita
968 3947 1030 4001 ΕΜ
1082 3946 1144 4014 quia
1165 3946 1217 4013 Oc,
1235 3962 1287 4013 qna
1304 3951 1351 4000 cet.

214 4037 359 4106 8pr0inde
377 4035 445 4092 FP'
518 4040 547 4093 ll
572 4036 674 4090 caltiati
701 4036 731 4103 0,
754 4035 862 4089 calceati
886 4035 943 4090 ΡΗ
1010 4034 1253 4101 nech10,ncn
1271 4032 1355 4087 FPll

216 4127 248 4180 16
265 4123 408 4193 regiisque
427 4123 457 4177 F
507 4126 539 4179 17
558 4122 625 4176 nihil
644 4121 777 4177 minnsO
831 4124 863 4178 19
881 4120 1044 4190 impletisO
1095 4122 1130 4175 20
1148 4119 1233 4186 magis
1251 4119 1301 4172 seli
1319 4121 1356 4174 M

213 4214 245 4267 21
265 4211 485 4281 pulsantiqueque
504 4211 534 4265 F
594 4212 628 4265 28
647 4216 795 4279 opportuno
814 4210 871 4265 PU
931 4211 964 4264 25
984 4207 1035 4260 ista
1053 4211 1110 4261 tam
1128 4207 1193 4261 ΕΜ
1249 4208 1283 4262 26
1301 4206 1351 4259 ista

213 4297 330 4353 mundus
349 4298 433 4353 FPU
481 4300 522 4350 est
539 4297 589 4351 istc
608 4298 645 4352 M
693 4299 726 4352 27
746 4296 789 4364 de]
810 4295 904 4351 deeO
