3036 4770
160 305 223 371 130
491 321 517 376 S.
530 321 663 375 Paulini
681 320 801 377 Nolani
819 322 965 392 episcopi

158 499 413 579 dictiPaschasii,
436 499 474 563 de
497 498 648 581 quadum
671 499 894 583 refrigeramur
916 499 948 563 in
972 499 1092 581 spiritu,
1116 500 1213 564 etiam
1234 517 1303 564 cor-

157 623 232 689 pore
255 603 485 677 reficiebarnur3
511 603 630 667 amicus
655 604 739 667 enim
761 604 862 668 bonus
886 603 1042 667 medicina
1064 604 1165 668 cordis
1189 608 1248 684 est,
1271 606 1304 668 et

157 711 237 775 bene
260 709 381 774 duobus
405 709 437 773 in
461 727 559 772 unum
582 708 697 772 coactis
722 707 864 772 Christus
887 709 1043 772 interstat.

200 814 230 878 3.
254 814 362 895 Neque
385 831 459 877 uero
482 813 514 876 in
536 811 717 876 infirmitate
740 816 864 876 tantum
887 816 995 876 nostra
1018 811 1248 877 contribulatus
1272 816 1305 878 et

157 935 328 1002 conpassns
352 919 411 997 est,
435 917 489 980 sed
512 917 543 980 in
568 916 665 981 nostri
684 917 836 980 carissimi
856 910 911 980 filii
926 917 1010 997 Vrsi,
1034 934 1128 998 quem
1151 917 1302 981 comitem
1342 944 1356 984 e

130 1052 132 1056 ⁴
157 1023 351 1088 indiunlsum
373 1020 634 1104 peregrinationis
658 1039 732 1085 suae
756 1021 919 1102 habuerat,
942 1021 1131 1105 grauissimo
1151 1021 1303 1104 languore

157 1128 211 1192 diu
234 1127 394 1191 conlectus
418 1130 475 1189 est.
498 1126 531 1189 in
551 1143 612 1207 qno
636 1125 779 1189 attidem
799 1126 865 1190 eins
888 1129 919 1190 et
938 1127 1102 1190 caritatem
1122 1126 1155 1189 in
1175 1125 1302 1190 domino

157 1233 284 1315 plenam
307 1231 531 1314 perspeximus.
567 1248 642 1294 nam
664 1235 817 1312 quantum
845 1231 897 1295 ille
920 1229 1083 1295 laborabat
1106 1231 1138 1295 in
1162 1248 1302 1313 corpore,

158 1339 282 1401 tantum
306 1335 356 1399 hic
378 1335 411 1398 in
435 1334 546 1417 spiritu
569 1334 796 1398 macerabatur.
829 1338 860 1399 et
882 1335 952 1398 ideo
974 1336 1110 1417 respexit
1133 1335 1224 1400 illum
1247 1335 1303 1400 do-

159 1442 263 1505 minus
287 1439 433 1503 inhnins
453 1439 639 1519 humilitate,
663 1440 827 1503 cumulans
851 1444 881 1503 et
900 1440 959 1504 hoc
977 1439 1178 1520 beneficium,
1202 1459 1302 1523 nsque
1332 1470 1358 1508 re

159 1544 199 1609 ad
218 1548 352 1608 mortem
367 1543 562 1607 infirmatum
586 1542 646 1606 fide
663 1548 768 1607 tumen
786 1548 817 1607 et
835 1543 941 1609 labore
960 1543 1132 1624 Paschasii,
1155 1545 1188 1609 in
1207 1563 1302 1627 quem

158 1649 302 1713 donnum
326 1647 456 1729 experiri
479 1647 579 1711 uoluit
598 1648 770 1729 potentiam
791 1649 873 1731 apud
893 1668 926 1712 se
946 1649 1047 1713 sancti
1070 1649 1120 1712 sui
1143 1649 1302 1714 confesso·

158 1753 200 1817 ris
224 1751 418 1815 ‹bleetissimi
441 1751 552 1815 Felicis
576 1751 764 1824 dominaedii
791 1752 901 1830 nostri,
932 1753 968 1816 de
995 1753 1133 1836 periculo
1160 1754 1302 1818 inuenire

159 1858 303 1921 salutem.
349 1875 404 1939 per
434 1856 526 1920 huius
561 1857 644 1919 enim
678 1857 777 1939 ipsius
810 1875 921 1921 manns
952 1858 1088 1940 genitae,
1123 1859 1156 1922 in
1186 1861 1301 1924 lectulo

158 1962 335 2044 baptizatus
359 1961 449 2025 redit.
483 1960 655 2043 praestabit
677 1961 760 2025 idern
784 1962 939 2042 dominus,
967 1964 1020 2044 qni
1042 1963 1131 2027 illum
1154 1965 1302 2029 orationi·
1330 1990 1357 2031 rs

159 2066 217 2130 bus
252 2066 352 2130 sancti
385 2066 474 2129 tratri
512 2068 617 2128 nostro
651 2066 819 2130 Paschasio
857 2072 888 2130 et
921 2067 1124 2132 sollicitudini
1159 2087 1231 2133 cnm
1265 2087 1302 2133 eo

159 2174 283 2235 nostrae
307 2174 339 2234 et
362 2169 504 2252 inprimis
529 2170 677 2240 ecclesiae
700 2175 782 2250 tuae,
811 2172 843 2234 te
866 2173 973 2253 procul
997 2172 1090 2236 dnbio
1119 2191 1244 2257 semper
1269 2173 1302 2237 in

160 2276 221 2339 tuis
251 2274 384 2339 ubilibet
414 2274 524 2357 positis
553 2275 737 2356 respiciens,
771 2276 949 2339 redonauit:
983 2277 1135 2359 perducat
1164 2278 1197 2342 in
1228 2295 1302 2342 con·

159 2383 301 2463 spectum
325 2383 414 2443 tumn
443 2379 631 2442 incolumem
660 2383 690 2442 et
717 2381 842 2444 saluum
870 2385 902 2444 et
924 2380 1059 2445 liberum
1081 2386 1209 2464 peccato
1236 2401 1302 2447 ser-

158 2502 296 2566 numque
319 2483 465 2548 iustitiae.
496 2502 558 2547 non
582 2483 770 2568 ambigimus
794 2489 826 2548 et
848 2485 962 2567 ipsum,
985 2487 1013 2549 si
1035 2486 1128 2549 adte
1151 2488 1303 2552 meruerit
1328 2512 1357 2553 so

158 2588 332 2671 peruenire,
357 2605 471 2671 magna
493 2587 565 2652 fidei
587 2589 781 2653 incrementa
803 2590 959 2653 iacturum
982 2609 1056 2671 pare
1078 2590 1247 2657 Paschasio
1271 2594 1303 2657 et

158 2698 189 2758 te
212 2691 377 2758 amborum
402 2693 562 2775 magistro.

202 2797 231 2861 4.
256 2796 374 2860 Notum
398 2799 480 2861 enim
506 2797 595 2861 nobis
620 2797 693 2861 lecit
716 2797 869 2880 Tychicus
893 2802 976 2879 tuns,
1000 2800 1181 2864 carissimus
1203 2801 1302 2866 irater

160 2907 191 2965 et
213 2901 313 2966 fidelis
341 2901 486 2965 minister
513 2902 544 2965 in
569 2902 703 2982 domino,
734 2921 796 2967 non
820 2902 944 2984 quidem
967 2906 998 2967 te
1026 2905 1127 2988 magis
1151 2923 1247 2987 quam
1269 2907 1301 2971 in

263 3100 291 3169 3]
305 3099 412 3168 (narn.
425 3101 464 3164 18,
474 3101 525 3169 20).
580 3101 608 3170 9]
622 3100 696 3167 (Luc.
709 3104 730 3164 l,
740 3103 793 3169 48).
850 3102 893 3170 19]
907 3102 993 3170 (Rom.
1005 3104 1031 3170 o,
1041 3104 1091 3171 18).

204 3274 350 3344 lpascasii
369 3276 430 3330 ΜΟ
499 3280 526 3327 et
545 3274 576 3327 de
595 3276 631 3328 M
692 3273 756 3327 dnm
780 3275 835 3343 ΟΡ,
854 3276 907 3328 iarn
926 3283 971 3331 cot.
1043 3274 1303 3344 refrigerabamnre

160 3362 241 3416 etiarn
260 3380 311 3418 one.
331 3362 416 3418 FPU
472 3361 583 3429 luero]
603 3362 673 3414 eninr
697 3363 723 3416 U
772 3362 909 3417 inerret)
962 3362 1144 3419 binensis
1197 3364 1302 3418 bindi-

160 3449 302 3504 nnlsusO
372 3464 433 3501 snae
457 3448 679 3516 peregrinationis
701 3449 738 3502 M
804 3447 912 3516 langore
936 3448 1117 3516 Febrem&
1145 3449 1235 3503 labore
1260 3451 1301 3505 Ρι

160 3534 206 3588 din
225 3535 361 3589 coniectus
380 3537 420 3588 est
438 3534 564 3602 languore
587 3536 614 3589 U
685 3534 823 3591 Slaborat
841 3534 964 3590 FL¹PU
1035 3538 1050 3589 9
1069 3533 1255 3590 macerabatur
1273 3537 1302 3590 in

160 3621 256 3691 spiritu
275 3622 360 3678 FPU
423 3624 454 3676 10
474 3621 568 3690 usqne]
587 3624 616 3674 ut
635 3638 718 3689 nsque
736 3623 778 3689 Μ,
796 3622 841 3690 qui
860 3622 886 3675 L
959 3624 988 3677 ll
1009 3622 1175 3676 infirmatum
1192 3625 1301 3693 scripsi,

160 3709 311 3762 infirmatus
330 3727 351 3759 ω
404 3707 525 3762 fidemO
578 3707 715 3761 Paschasii
733 3709 761 3761 in
779 3710 885 3778 scripsi,
904 3709 1055 3776 paschasim
1077 3709 1107 3777 Ο,
1125 3709 1247 3777 paschasi
1266 3711 1301 3777 Ρ,

159 3795 291 3865 paschasii
309 3802 354 3851 cet.
410 3797 441 3851 12
460 3795 580 3864 potentia
599 3796 664 3849 ΕΜ
714 3798 745 3851 13
765 3794 871 3848 domine
892 3795 928 3849 dii
947 3797 1038 3864 LOU,
1062 3795 1168 3851 dornine
1186 3795 1229 3850 dei
1248 3796 1302 3866 (dei

160 3943 192 3981 ccc
211 3925 237 3978 di
256 3925 297 3995 F)
315 3925 371 3981 FP
393 3882 523 3980 dnediliostri
542 3925 626 3979 felicis
644 3923 719 3994 (mern
732 3945 765 3979 m.
777 3928 805 3995 2)
824 3929 861 3983 M
909 3927 1028 3980 inuenire
1051 3927 1081 3995 0,
1100 3926 1234 3980 inueniret
1253 3934 1300 3983 cet.

161 4016 193 4068 15
212 4012 396 4069 rediitFMU
445 4016 478 4069 16
497 4013 581 4066 sancti
594 4014 662 4079 ΒΜ,
681 4016 772 4066 sancto
791 4021 836 4069 cet.
891 4013 982 4067 fratris
999 4013 1083 4066 nostri
1095 4010 1227 4082 paschasii
1239 4014 1306 4068 ΕΜ

162 4102 193 4154 17
211 4102 237 4152 te
257 4101 375 4168 Lebmn,
393 4103 420 4155 et
439 4118 459 4151 ω
514 4103 546 4156 18
565 4103 595 4152 nt
613 4099 743 4167 perducat
761 4101 798 4154 M
859 4104 890 4155 iil
909 4099 1106 4156 ineolumenO
1163 4102 1198 4155 20
1216 4100 1301 4154 ambi·

162 4201 254 4253 gomus
272 4186 383 4242 FOPU
431 4188 462 4241 21
482 4185 602 4255 pascasio
625 4186 679 4241 ot]
728 4188 761 4241 23
780 4187 893 4242 tichicus
912 4187 946 4255 F,
965 4187 1077 4240 thiticus
1098 4188 1129 4255 U,
1147 4186 1248 4257 tyticus
1270 4188 1303 4257 0,

161 4271 289 4341 Tytinso
341 4274 376 4328 24
393 4273 421 4326 in
440 4271 547 4326 domino
566 4272 736 4328 ministerii
