3036 4770
536 313 681 383 epistula
699 312 810 375 XXXII,
830 329 851 367 c.
866 313 940 369 1-3.
1238 293 1304 359 2'17

168 492 202 554 ut
221 493 330 554 contra
348 489 571 572 despicabilem
590 490 685 554 facies
705 490 894 554 uenerabilis
914 488 1104 573 pingeretur,
1124 506 1184 570 quo
1205 488 1311 571 splen-

169 593 223 659 dor
251 595 317 658 eius
343 594 561 677 conparatione
584 594 786 659 tenebrarum
811 594 926 659 clarius
949 593 1108 674 emicaret,
1139 594 1192 674 qui
1215 593 1311 657 etiam

169 699 205 762 in
233 698 498 781 splendoribus
526 703 741 765 sanctorum
769 698 936 782 conspicua
962 698 1102 762 claritate
1125 697 1310 780 praefulget.

169 802 350 884 etquidem
377 804 439 867 nisi
467 803 581 867 scirem
603 808 634 868 te
661 805 791 886 inpenso
819 802 908 866 nimii
936 802 969 866 in
992 820 1048 867 nos
1072 802 1186 866 amoris
1209 800 1311 865 studio

127 933 142 971 s
169 907 251 971 hano
272 907 458 972 informasse
481 908 645 991 picturam,
672 909 865 972 malitiosum
887 911 918 970 to
942 910 974 970 et
995 906 1144 970 callidum
1167 905 1312 969 crimina-

170 1031 229 1092 rer,
252 1012 306 1093 qui
328 1017 452 1077 nostrae
471 1013 657 1078 humilitatis
681 1012 829 1078 obscuras
853 1010 1029 1076 animorum
1052 1013 1142 1074 nocte
1161 1026 1311 1093 personas

171 1135 208 1179 ex
237 1116 361 1181 aduersi
391 1117 477 1182 iuxta
503 1118 630 1201 parietis
660 1117 787 1201 regione
815 1116 952 1200 depictas
984 1119 1090 1180 sancto
1117 1114 1212 1198 capiti
1239 1131 1312 1178 con·

170 1221 308 1301 tulisses,
339 1224 374 1285 ut
400 1221 491 1286 illum
518 1226 642 1287 tantum
667 1222 822 1306 pingeres,
853 1239 909 1292 nos
936 1238 1011 1285 uero
1033 1220 1135 1302 potius
1159 1219 1313 1283 deforma·

171 1344 232 1406 res,
254 1343 333 1408 quos
356 1326 422 1390 iure
445 1330 613 1409 conspecta
631 1326 761 1392 Martini
783 1326 862 1390 facie
885 1324 1080 1409 despuendos
1103 1324 1142 1388 ad
1163 1322 1313 1407 probmm

119 1456 146 1495 ιο
172 1430 319 1494 ridiculae
342 1431 571 1513 conparationis
594 1449 772 1514 exponeres.

217 1532 245 1597 3.
270 1533 330 1599 Sed
357 1554 396 1599 ne
423 1536 521 1599 nostri
544 1553 650 1616 causa,
680 1553 813 1617 quorum
835 1535 935 1599 multo
958 1552 1063 1598 umore
1086 1533 1162 1596 dum
1184 1531 1313 1613 falleris,

173 1639 289 1703 falsum
311 1639 418 1721 facies,
447 1640 526 1705 haec
552 1640 775 1705 commentatio
801 1643 856 1704 tua
882 1639 920 1703 de
947 1638 1076 1702 caritate
1099 1630 1314 1720 prolapsa'in-

173 1742 335 1825 rideretur,
361 1747 397 1808 ut
418 1762 529 1808 reuera
549 1746 654 1827 potest
676 1748 708 1809 et
730 1743 834 1825 debet,
864 1744 923 1807 hac
945 1745 1072 1807 tantum
1094 1741 1195 1825 gratia
1224 1741 1314 1824 parui

173 1845 231 1911 tibi
252 1848 284 1911 in
307 1848 469 1913 uersiculis
492 1849 530 1913 de
553 1848 733 1912 huiusmodi
755 1851 810 1912 tua
828 1847 951 1930 pictura
972 1847 1012 1911 ad
1031 1849 1061 1910 te
1084 1845 1256 1926 mittendis,
1279 1847 1315 1909 ut

120 1977 147 2017 re
174 1952 296 2017 consilii
317 1953 364 2017 tui
385 1953 464 2018 ratio
486 1952 679 2036 proderetur,
703 1970 764 2035 qua
786 1951 954 2017 salubriter
976 1968 1128 2014 nouorum
1150 1950 1313 2014 hominum

174 2057 384 2122 informationi
407 2057 536 2122 studens
557 2058 697 2122 diuersas
716 2057 808 2140 longe
832 2054 891 2121 sibi
914 2056 1069 2139 imagines
1088 2054 1313 2137 proposuisses,

175 2165 210 2225 ut
232 2167 429 2246 emergentes
450 2180 469 2226 a
487 2179 575 2226 sacro
595 2163 681 2226 fonte
702 2165 733 2226 et
753 2161 916 2226 uitandum
936 2163 967 2225 et
986 2158 1179 2241 sequendum
1198 2158 1314 2240 pariter

175 2266 438 2349 conspicarentur.
462 2266 567 2348 itaque
591 2266 636 2330 sic
658 2265 770 2340 habee;
794 2266 821 2329 si
843 2264 955 2348 placet,
979 2268 1081 2329 utere:

352 2403 490 2470 Abluitis
514 2405 700 2486 quicumque
724 2404 845 2469 animas
870 2407 901 2468 et
925 2402 1068 2466 membra
1088 2401 1233 2480 lauacris,

122 2536 151 2575 20
396 2509 521 2575 cernite
543 2510 718 2593 propositas
742 2509 781 2572 ad
803 2508 886 2573 bona
908 2509 991 2573 facta
1013 2508 1091 2577 nias..

352 2612 467 2679 Adstat
489 2615 645 2696 perfectae
668 2614 823 2678 Martinus
846 2613 955 2696 regula
978 2611 1074 2692 uitae,

395 2717 547 2783 Paulinus
570 2719 695 2783 ueniam
719 2736 780 2800 quo
804 2735 941 2781 mereare
964 2717 1063 2782 docet.

352 2822 446 2888 Hunc
468 2827 657 2907 peccatores,
681 2823 770 2888 illum
794 2824 931 2906 spectate
953 2820 1052 2895 beati3

395 2927 564 3012 Exemplar
586 2928 701 2992 sanctis
724 2926 776 2991 ille
800 2927 851 3008 sit,
874 2926 934 2990 iste
956 2925 1029 2989 reis.

124 3092 151 3133 ss
220 3066 303 3132 Item
325 3067 363 3132 de
386 3067 511 3133 eodem:

354 3206 453 3271 Diues
476 3225 571 3289 opum
593 3205 729 3286 Christo,
752 3223 871 3288 pauper
894 3203 954 3269 sibi
976 3203 1109 3288 pulchra
1130 3200 1266 3269 Seuems

398 3310 544 3376 eulmina
566 3310 696 3375 sacratis
719 3309 860 3375 fontibus
882 3309 1029 3374 instituit.

282 3490 484 3585 mmmm

224 3654 441 3724 ldispicabilem
459 3655 544 3712 FPU
597 3655 772 3724 pingneretur
789 3656 816 3709 L
869 3654 933 3724 quo]
952 3657 982 3708 ut
1001 3653 1102 3707 sedicet
1120 3655 1158 3709 M
1210 3655 1317 3708 icom-

179 3742 312 3810 parationi
333 3742 361 3798 U
426 3744 488 3797 ste
506 3760 557 3799 cm.
576 3742 641 3797 LM
708 3742 736 3795 in
754 3757 802 3795 nos
820 3759 871 3797 om.
890 3742 916 3796 L
986 3740 1192 3796 5informatam
1211 3756 1266 3793 esse
1285 3741 1322 3795 M

179 3828 331 3885 iiustai]
379 3828 533 3899 parietesO
593 3828 699 3898 depicta
711 3828 796 3884 FOU
858 3827 1058 3897 9despuendos
1076 3845 1101 3894 c,
1119 3825 1280 3896 dispuendos
1297 3845 1318 3878 ω

181 3917 211 3971 11
232 3915 309 3985 dum]
329 3914 375 3968 diu
393 3917 458 3971 LM
509 3917 541 3971 12
560 3913 659 3969 falsum
678 3915 759 3969 facies
777 3933 827 3971 occ.
846 3917 884 3970 M
932 3914 1099 3970 facisRcow.
1153 3913 1280 3969 irridetur
1296 3915 1323 3970 U

181 4003 214 4057 13
231 4001 300 4056 hanc
318 4002 353 4069 L,
372 4002 441 4057 acO
495 4004 527 4058 16
540 4002 677 4071 ppcsuisti
695 4002 726 4071 (a.
740 4004 757 4057 f.
771 4020 804 4056 m.
819 4007 852 4057 2:
869 4003 882 4055 f
900 4001 1090 4070 proposuisses)
1103 4002 1140 4054 M
1189 4003 1221 4057 17
1234 4016 1318 4057 emer-

179 4091 258 4157 gente
285 4090 312 4146 Ι]
377 4088 478 4159 pariter
500 4092 528 4144 et
549 4089 714 4158 sequendum
737 4090 775 4143 Μ
842 4090 874 4145 18
896 4086 983 4156 utere]
1006 4088 1069 4142 add.
1087 4088 1134 4141 M:
1155 4086 1230 4140 Vers’
1247 4085 1319 4139 beati

179 4174 286 4229 Paulini
298 4175 327 4228 in
338 4173 495 4245 baptisterio
549 4178 581 4232 19
595 4175 733 4230 ablutisO
779 4175 934 4229 laueercM
975 4176 1010 4229 23
1022 4190 1092 4227 nunc
1102 4174 1160 4230 FU
1207 4173 1318 4230 25itcm

180 4260 214 4315 de
231 4261 336 4333 eodem]
353 4261 420 4319 item
438 4262 484 4317 alii
503 4279 595 4317 uersus
613 4263 643 4317 in
660 4261 752 4317 eodem
772 4264 809 4317 M
857 4264 892 4318 26
911 4261 1027 4316 christus
1050 4262 1077 4317 U
