3036 4770
450 340 593 410 epistula
610 339 697 402 xxn,
717 356 737 394 Ι.
751 341 832 403 Ι-Ι;
850 338 950 402 xxm,
969 355 990 392 c.
1006 342 1027 395 1.
1249 319 1308 383 151

681 604 799 668 XXIII.

515 760 639 826 Snvuao
662 783 777 823 ananan
799 761 965 824 Pavunvs.

202 936 245 1004 l.
270 935 349 1016 Quid
370 939 542 1017 extorques,
563 940 599 1000 ut
617 939 649 999 te
668 937 738 1018 plus
759 938 923 999 amemus?
946 952 1083 999 erescere
1104 952 1228 999 summa
1248 952 1309 998 non

172 1040 289 1123 recipit.
322 1040 349 1104 si
371 1044 475 1122 potest
497 1057 583 1104 mare
607 1039 796 1123 superfluere
819 1040 923 1104 obices
946 1058 1018 1104 snos
1042 1043 1074 1103 et
1096 1056 1309 1121 quaecumque

130 1171 143 1209 e
173 1145 347 1207 naturalem
375 1144 600 1226 plenitudinem
628 1148 756 1208 semant
782 1145 1011 1208 incrementum
1038 1144 1209 1227 temporale
1239 1162 1310 1208 sen-

172 1249 240 1327 tire,
270 1251 373 1331 potest
395 1251 428 1312 et
454 1249 565 1312 caritas
596 1249 629 1312 in
656 1253 687 1313 te
718 1253 823 1313 nostra
853 1249 1016 1328 cumulari,
1044 1267 1139 1330 quam
1166 1266 1221 1312 sne
1248 1247 1310 1311 fine

172 1353 363 1435 conplemus,
395 1370 466 1417 eum
493 1357 524 1417 te
555 1354 635 1417 sieut
665 1355 899 1437 nosmetipsos
927 1355 1102 1438 diligamur.
1140 1355 1245 1435 itaque
1274 1354 1311 1415 ut

173 1457 313 1522 cubitum
344 1458 383 1522 ad
410 1462 563 1523 staturam
590 1462 732 1523 nostram
760 1460 890 1540 adicere,
921 1461 965 1524 sic
992 1460 1106 1523 amoris
1128 1459 1174 1523 tui
1201 1476 1310 1522 cumu-

172 1564 239 1627 lum
266 1563 367 1626 faeere
397 1581 459 1627 non
486 1581 668 1645 possumus;
703 1565 864 1628 desideriis
894 1568 999 1628 tamen
1032 1565 1157 1628 modum
1189 1564 1310 1627 nullum

172 1667 326 1751 ponimus.
366 1668 419 1749 qni
446 1668 530 1732 enirn
558 1669 717 1732 existimas
745 1668 926 1732 satisfacere
948 1673 978 1732 te
1007 1668 1096 1732 nobis
1124 1668 1310 1732 adsiduitate

172 1772 233 1835 ista
262 1770 514 1836 honorificentiae
549 1790 584 1835 ac
613 1772 740 1854 pietatis
770 1777 857 1852 tuae,
892 1791 953 1854 qua
983 1773 1193 1855 praesentiam
1222 1776 1310 1836 tuam

173 1874 262 1938 nobis
286 1878 351 1939 tam
375 1875 590 1957 frequentibus
615 1877 754 1958 epistolis
781 1895 971 1958 conpensare
999 1877 1129 1956 conaris,
1161 1876 1310 1940 sollicitas

172 1980 274 2061 potine
297 1980 403 2062 gulam
427 1980 565 2045 caritatis
585 1984 733 2063 tantoque
756 1981 858 2044 minus
882 1982 985 2063 exples
1005 1982 1106 2064 gratia
1125 1981 1310 2058 litterarum,

173 2088 289 2164 quanto
319 2084 467 2149 maiorem
498 2085 662 2149 sedulitate
693 2086 760 2169 ipsa
792 2091 822 2149 et
853 2087 1049 2150 humanitate
1083 2086 1234 2151 sermonis
1265 2085 1311 2149 tui
1368 2118 1371 2126 ·

130 2213 143 2249 a
173 2205 300 2251 causam
329 2189 470 2271 suggeris
495 2192 525 2252 te
553 2190 667 2271 ipsum,
697 2194 764 2253 tam
792 2190 900 2253 unicae
930 2189 1019 2254 nobis
1042 2190 1256 2254 unanimitatis
1279 2189 1310 2253 in

174 2290 297 2355 Ohrr'sto
319 2292 424 2372 frater,
456 2293 660 2357 desiderandi.
700 2293 774 2376 qnid
802 2295 887 2358 enim
910 2295 975 2358 fieri
999 2295 1176 2377 diligentius
1200 2295 1230 2357 in
1254 2292 1311 2357 deo

174 2399 206 2459 et
231 2396 370 2477 proximo
399 2400 511 2479 potest,
543 2415 637 2478 quarn
665 2398 747 2479 quod
775 2397 807 2461 in
835 2398 924 2462 nobis
952 2398 1077 2462 exhibes
1101 2397 1244 2462 Christo?
1279 2398 1310 2460 in

174 2518 233 2581 quo
261 2500 309 2564 dei
333 2505 534 2584 praeceptum
558 2506 726 2584 utrumque
754 2504 926 2585 conpletur,
954 2504 1028 2585 quia
1053 2504 1136 2567 idem
1165 2502 1253 2566 nobis
1281 2505 1312 2566 et

174 2604 249 2667 deus
273 2608 321 2668 est
344 2607 507 2670 maiestate
530 2610 659 2670 naturae
682 2625 756 2670 snae
780 2611 812 2670 et
832 2607 1047 2690 adsumptione
1068 2611 1191 2671 nostrae
1212 2606 1312 2690 prori-

175 2726 244 2772 mus
266 2708 368 2774 factus
392 2713 448 2774 est.
472 2710 531 2774 hoc
552 2711 648 2794 igitur
668 2711 701 2774 in
722 2715 752 2774 te
772 2711 952 2794 proficiente
976 2716 1211 2775 consummatur
1234 2710 1312 2774 cari·

174 2815 221 2876 tas
237 2817 300 2893 tua,
322 2831 400 2894 quae
416 2814 458 2877 sit
475 2815 591 2897 inipso
611 2813 734 2879 infinita
749 2816 896 2898 perfecto,
917 2816 988 2898 qnia
1004 2816 1110 2881 finitur
1129 2816 1162 2880 in
1178 2814 1311 2896 Christo,

277 3037 305 3107 4]
325 3038 413 3103 (Pron.
427 3041 451 3103 8,
464 3041 509 3100 aa
528 3037 600 3092 Hier.
614 3043 637 3101 5,
651 3040 702 3106 22).
769 3040 796 3108 7]
816 3040 922 3108 (March.
935 3043 960 3105 6,
972 3040 1024 3108 21).

216 3246 392 3302 FLMOPU.
417 3276 449 3284 —
473 3246 506 3299 ad
529 3246 640 3316 sulpitii
660 3251 753 3301 senarii
773 3248 845 3301 ·Xl·
866 3250 906 3317 M,
929 3248 1030 3318 paulini
1049 3248 1083 3302 ad
1106 3248 1218 3318 sulpicii
1238 3251 1314 3302 senei

174 3332 249 3387 ··lll
269 3333 516 3403 L,·incipit·1·l·1
540 3335 570 3400 Ο,
594 3333 706 3403 epistola
728 3335 830 3403 paulini
854 3335 887 3388 ad
911 3352 1032 3390 seuerum
1057 3352 1197 3389 monacum
1221 3335 1265 3389 nbi
1289 3336 1313 3389 ei

173 3424 233 3488 grat
234 3419 273 3473 ias
291 3420 347 3488 agit
365 3436 412 3489 pro
431 3421 520 3474 missis
538 3421 606 3489 epist
595 3420 657 3474 tolie
680 3423 706 3479 U
772 3425 788 3477 2
808 3422 904 3476 Seuero
924 3422 998 3476 ΙΙΙΙ·
964 3427 1000 3476 trr
1019 3422 1112 3490 (imter
1131 3423 1167 3490 Ρ)
1188 3423 1312 3491 panlinus

173 3505 286 3575 epistola
303 3507 382 3560 tertia
395 3508 454 3572 FP,
473 3507 602 3560 Paulinus
621 3525 713 3561 seruus
733 3508 826 3562 christi
845 3510 904 3562 lesu
924 3525 1014 3562 seuero
1032 3491 1094 3562 lrrno
1111 3492 1147 3562 fri
1166 3509 1312 3563 secundum

174 3609 342 3647 communem
361 3593 467 3647 fidem
460 3611 488 3646 m
508 3593 556 3647 deo
574 3597 649 3663 patre
668 3598 695 3648 et
683 3595 811 3648 tchristo
830 3594 876 3647 iliu
896 3596 1004 3649 salutari
1024 3596 1149 3664 (salutare
1167 3597 1204 3661 L)
1223 3613 1269 3648 nos
1271 3598 1313 3649 tro

173 3680 287 3733 salutem
304 3681 369 3736 LM
418 3682 611 3749 {itemporeO
663 3682 835 3750 idiligirnus
852 3685 890 3738 M
939 3682 1148 3740 8comulum0
1202 3685 1234 3738 13
1252 3697 1313 3750 gra·

174 3767 240 3821 tiam
270 3768 293 3822 O
385 3771 416 3823 14
444 3762 544 3835 quanto
573 3769 700 3822 maiorem
727 3769 869 3823 sedulitate
901 3769 951 3837 Oe,
979 3769 1068 3823 'maior
1094 3776 1135 3823 est
1161 3769 1204 3835 (ae
1230 3768 1313 3822 maio-

174 3870 229 3907 rem
248 3855 276 3908 Ρ
292 3872 324 3908 m.
338 3856 366 3921 2)
384 3853 431 3907 sed
454 3854 623 3908 humanitate
641 3855 729 3920 FPU,
752 3856 880 3909 maiorem
899 3856 1009 3923 (maiore
1026 3857 1063 3924 L)
1081 3855 1234 3910 humilitate
1252 3856 1317 3910 LM

176 3944 206 3996 15
232 3940 308 3995 nobis
331 3944 388 3994 tam
413 3941 505 3994 unicae
525 3942 562 3996 M
612 3943 789 3997 unanimitate
814 3943 856 3998 ΙΙΙ
916 3947 947 3998 16
972 3943 1138 3997 desiderandi
1163 3962 1186 4010 n,
1211 3942 1313 3997 deside-

175 4026 256 4081 rande
274 4046 296 4079 ω
361 4025 413 4080 cm
442 4029 484 4082 Ov
556 4030 588 4084 18
610 4030 794 4098 praeceptum]
818 4031 942 4099 pceptum
965 4033 1043 4084 tunm
1069 4030 1119 4097 Oe,
1142 4033 1313 4100 praeceptum

175 4129 252 4166 suurn
279 4114 366 4170 aoso.
438 4114 572 4182 utrimque
599 4115 626 4168 P
697 4119 728 4172 19
756 4116 939 4185 adsumptioni
966 4117 1054 4181 FOP,
1082 4117 1258 4186 assumptioni
1289 4119 1316 4175 U

175 4202 205 4255 21
229 4200 334 4254 infinito
352 4203 465 4256 Letum
482 4218 515 4256 ex
532 4202 590 4258 eod.
608 4203 702 4257 Vicae.
783 4203 873 4271 pleuto
896 4203 967 4271 01²¹,
991 4202 1109 4272 protecto
1127 4203 1231 4273 FP'U,
1254 4220 1313 4275 per·

175 4286 254 4341 tactio
271 4289 336 4342 ΒΜ
344 4289 463 4355 Lebrua,
481 4287 598 4357 perlecta
616 4306 632 4345 v
