3036 4770
163 280 203 344 16
493 301 518 355 s.
531 301 662 356 Paulini
680 302 799 358 uorans
818 305 966 374 episcopi

160 478 214 543 illo
236 477 293 542 tibi
314 478 436 543 litteras
451 481 574 544 nostras
591 483 622 545 et
638 481 860 564 transcriptam
875 480 1065 567 Carthagine
1080 482 1302 548 membranam

161 583 286 649 mittere
309 584 497 669 dignaretur.
522 585 604 667 quod
627 589 659 650 et
681 590 807 651 sanctos
830 587 924 668 uires,
947 606 1025 670 ques
1045 587 1146 652 iudice
1161 588 1301 654 caritatis

159 689 298 771 ipsorum
321 692 375 754 tuo
398 707 541 754 sermone
564 691 779 775 cognouimus
802 689 956 756 Comitem
979 694 1011 756 et
1032 691 1187 756 Euodium
1209 710 1301 777 roga-

161 792 279 874 uimus,
313 796 350 858 ut
382 793 517 859 scribere
547 795 607 879 ipsi
638 800 797 876 curarent,
831 815 871 860 ne
899 797 951 860 uel
980 797 1102 880 parenti
1131 797 1302 863 Dumnieni

160 897 254 962 codex
277 916 352 962 suus
375 899 491 963 diutius
514 898 633 965 deforet
664 903 695 964 et
715 899 773 964 tibi
797 900 1000 964 transmissus
1023 900 1090 964 sine
1112 902 1301 966 necessitate
1339 929 1353 969 s

160 1001 341 1067 redhibendi
364 1006 514 1068 maneret.

202 1105 232 1171 4.
257 1106 436 1190 Speeialiter
459 1114 564 1175 autem
587 1110 646 1175 hec
667 1128 686 1175 a
708 1113 740 1174 te
757 1113 840 1194 peto,
864 1111 1009 1192 quoniam
1025 1128 1076 1175 me
1091 1110 1299 1176 inmorantem

160 1216 192 1277 et
213 1212 427 1296 inopinantem
449 1231 563 1298 magno
586 1215 631 1279 tui
654 1232 759 1279 amore
781 1215 942 1298 conplecti,
966 1218 1002 1279 ut
1023 1234 1078 1298 pro
1094 1215 1153 1279 hac
1167 1214 1300 1280 historia

160 1320 336 1400 temperem
363 1317 479 1382 referas
507 1319 585 1383 mihi
611 1337 738 1383 omnem
765 1323 838 1383 tuae
868 1319 1046 1384 sanctitatis
1067 1319 1241 1400 historiam,
1264 1323 1300 1384 ut

159 1423 221 1505 qui
243 1441 371 1506 genus,
394 1424 489 1488 unde
513 1424 556 1489 sis
579 1425 685 1489 domo
707 1428 795 1489 tanto
822 1429 952 1490 uocatus
975 1443 994 1489 a
1020 1426 1155 1505 domino,
1185 1424 1299 1508 quibus
1327 1452 1352 1492 ro

160 1528 290 1593 exordiis
318 1533 500 1613 segregatus
528 1528 568 1594 ab
595 1533 684 1595 utero
715 1529 825 1594 matris
849 1533 921 1594 tuae
944 1530 983 1594 ad
1006 1535 1140 1595 matrem
1163 1528 1300 1595 filiorum

160 1632 207 1696 dei
230 1633 315 1714 prole
337 1632 508 1698 laetantem
528 1634 670 1699 abiurata
685 1633 787 1699 carnis
804 1638 835 1698 ct
851 1635 1009 1718 sanguinis
1026 1634 1122 1717 stirpe
1137 1634 1298 1698 transieris

160 1740 192 1802 et
213 1737 246 1801 in
268 1756 366 1820 genus
389 1738 494 1822 regale
518 1756 553 1804 ac
569 1738 760 1803 sacerdotale
776 1738 819 1802 sis
835 1739 1006 1803 translatus
1030 1739 1192 1803 edisseras.
1216 1737 1299 1819 qued

160 1842 244 1906 enim
264 1843 408 1908 indicasti
431 1844 494 1908 iam
517 1843 761 1909 dehumilitatis
785 1847 909 1908 nostrae
932 1844 1058 1908 nomine
1080 1843 1161 1926 apud
1177 1842 1299 1907 Medio-

158 1947 275 2011 lanium
303 1951 334 2012 te
362 1948 521 2030 didicisse,
549 1966 621 2013 cum
649 1948 713 2012 illic
739 1948 915 2029 initiareris
942 1947 1041 2013 fateor
1069 1947 1219 2011 curiosius
1246 1965 1299 2011 me
1326 1974 1351 2012 rs

158 2052 241 2116 uelle
263 2052 451 2133 condiscere,
475 2056 509 2117 ut
529 2053 614 2118 omni
629 2056 718 2136 parte
734 2056 765 2116 te
780 2053 931 2133 nouerim,
955 2070 1015 2135 quo
1032 2051 1131 2136 magis
1147 2051 1298 2135 gratuler,

159 2157 185 2219 si
216 2175 234 2219 a
265 2157 460 2238 suspiciendo
490 2157 569 2221 mihi
598 2161 686 2241 patre
716 2161 822 2222 nostro
852 2155 1020 2223 Ambrosie
1051 2157 1102 2221 uel
1134 2157 1172 2221 ad
1202 2155 1298 2220 fidem

263 2366 306 2435 ιο]
325 2365 643 2435 Verg.aen.v111,114.
697 2365 785 2434 13](1
806 2365 865 2420 aa.
878 2367 903 2430 a,
916 2365 951 2433 e).

202 2570 214 2624 l
240 2566 440 2622 transscribtam
460 2573 495 2634 Φ,
523 2566 683 2635 transcripta
705 2567 793 2629 FPU,
820 2565 993 2635 transcriptas
1016 2567 1057 2632 M,
1082 2562 1259 2636 transscriptd
1275 2586 1298 2635 c,

158 2654 347 2709 transscribam
361 2654 408 2724 ‹p¹,
427 2653 670 2709 transscribendum
687 2654 741 2710 Col.
796 2653 931 2720 cartagine
949 2653 1072 2721 reeca,
1085 2653 1231 2723 Kartagine
1249 2657 1297 2723 γὴ,

158 2744 319 2812 cartaginem
333 2744 422 2811 FPU,
441 2742 596 2810 chartagine
616 2748 666 2811 Γφ,
686 2759 702 2794 a
719 2740 873 2809 carthagine
891 2743 928 2796 M
977 2740 1149 2795 menbranam
1169 2763 1195 2810 y,
1213 2759 1297 2796 mem-

158 2830 241 2884 brana
264 2832 371 2898 FPUc,
394 2828 554 2883 menbranae
577 2830 614 2884 Μ
668 2832 684 2884 2
707 2828 863 2896 dignaretur
886 2827 992 2882 mittere
1015 2829 1133 2896 (mictere
1156 2829 1194 2897 U)
1217 2830 1302 2886 FPU

158 2917 229 2986 qued
248 2921 275 2971 et
292 2918 399 2985 omM,
417 2915 487 2985 quod
506 2918 547 2985 γὴ
599 2915 640 2969 ἐῶ
661 2922 696 2980 Φ,
717 2918 821 2969 sanctos
840 2918 929 2969 autem
948 2917 985 2971 Μ
1032 2915 1121 2969 indice
1140 2917 1237 2984 ΜΥΦ,
1256 2916 1297 2970 in·

158 3005 243 3058 dicem
257 3005 345 3071 FPU,
364 3003 464 3057 indices
479 3002 671 3073 ΓθαογδΙιφ,
689 3002 819 3071 iudicesf
869 3002 1033 3071 hipscrum]
1053 3004 1194 3058 eorumM
1243 3020 1297 3057 ser·

158 3108 264 3146 monem
287 3093 372 3148 FPU
421 3107 545 3160 rogamus
568 3096 592 3143 Y
640 3088 789 3146 lscribere
807 3089 858 3158 ipsi
882 3095 940 3157 ΥΦ,
963 3089 1027 3142 haec
1050 3089 1163 3143 seribere
1183 3090 1233 3158 ipsi
1254 3090 1299 3145 PC

158 3178 325 3248 ΜαοδῙΙιφ
343 3176 407 3246 cea,
431 3178 499 3231 haue
517 3177 568 3247 ipsi
586 3176 700 3231 scribere
719 3178 753 3240 F,
775 3176 844 3229 hane
863 3173 976 3229 scribere
998 3175 1050 3245 ipsi
1068 3177 1129 3242 PU,
1152 3176 1297 3230 exscribere

158 3265 208 3334 ipsi
221 3266 310 3321 Roaru
376 3265 495 3319 curarint
517 3270 547 3332 Y,
564 3264 716 3331 cureperiut
736 3270 763 3316 sb
834 3262 981 3316 dominioni
1000 3265 1040 3331 ys
1100 3264 1215 3319 beodex
1234 3281 1297 3318 suus

159 3351 259 3405 diutius
291 3358 349 3416 ΥΦ,
378 3351 478 3406 diutius
505 3368 569 3405 suus
597 3351 677 3405 codex
704 3353 746 3419 M,
773 3349 874 3403 diutius
902 3348 982 3402 codex
1009 3367 1073 3402 suus
1100 3351 1172 3418 (tuus
1199 3351 1223 3419 c)
1250 3358 1296 3406 cet.

159 3437 257 3492 discret
279 3444 302 3491 Y
352 3439 540 3493 transmissum
563 3443 622 3508 ΥΦ,
641 3436 837 3492 transmisimus
851 3436 936 3492 FPU
982 3435 1153 3490 bredibendi
1170 3439 1299 3507 Ydefbp,

158 3525 320 3580 rescribendi
340 3527 424 3582 FPU
473 3528 569 3594 ipeto
588 3528 619 3579 ut
636 3527 673 3581 Μ
722 3525 761 3578 ira
779 3525 961 3591 merentems
1009 3523 1184 3592 8cemplectl
1207 3525 1298 3595 Υ<1>φι

158 3617 189 3666 ut
206 3631 256 3669 om.
270 3614 308 3668 Μ
360 3613 410 3666 hae
428 3631 479 3668 om.
493 3612 577 3668 FPU
626 3611 728 3667 omini
746 3613 838 3667 ocaY
897 3609 1047 3663 sanctitatis
1066 3612 1127 3663 tuae
1150 3611 1298 3679 (laenati-

158 3698 258 3770 tatisy
319 3698 360 3769 ut]
380 3703 407 3754 et
424 3720 441 3752 α
496 3702 529 3755 10
547 3701 633 3768 quet*
690 3699 726 3752 sis
744 3700 865 3755 ocaMb
926 3698 1007 3752 domu
1027 3704 1063 3765 Φ,
1082 3696 1186 3766 denos
1238 3702 1298 3752 tan·

158 3834 217 3884 tum
244 3830 296 3898 07,
319 3786 510 3898 quomouo'stm
578 3832 609 3886 12
625 3834 676 3901 ,pte
700 3831 761 3899 Μφ
831 3828 947 3883 laetante
969 3829 1094 3897 ancyb,
1116 3828 1302 3897 lactantemf

158 3916 324 3972 abiurateO
385 3917 483 3986 earnis]
502 3917 621 3971 cantatis
640 3923 663 3970 Γ
722 3919 754 3972 13
772 3917 857 3985 geniis
876 3918 932 3973 PU
990 3915 1106 3984 regalem
1125 3916 1210 3971 FPU
1268 3932 1298 3969 ac

162 4007 243 4072 Ydab,
266 4008 293 4058 et
311 4006 425 4074 Μασφ,
446 4023 496 4060 cm.
515 4011 560 4061 ccl.
632 4003 822 4058 sacerdotalem
849 4005 935 4060 FPU
1001 4003 1049 4072 sla]
1072 4001 1187 4071 qualiter
1205 4003 1241 4056 sis
1265 4003 1303 4056 Μ

159 4090 273 4144 ediserao
295 4097 318 4143 Y
379 4094 411 4147 14
430 4090 591 4145 humilitatis
610 4090 639 4159 (li
657 4091 768 4159 m.2)‹l
829 4090 1020 4145 mediolanium
1041 4090 1223 4159 GFYd'cycp,
1243 4106 1297 4143 me·

159 4176 295 4231 diolanum
313 4185 359 4234 eet.
426 4181 459 4233 16
477 4194 506 4231 en
524 4181 599 4246 parte
612 4176 694 4231 Pru
757 4180 783 4231 te
801 4195 851 4233 om.
869 4183 920 4230 ΥΦ
984 4180 1082 4244 quanto
1095 4176 1180 4232 FPU
1237 4192 1297 4244 gm-

159 4262 230 4317 tulor
248 4265 332 4322 FPU
383 4267 414 4320 17
433 4265 460 4335 a]
479 4263 512 4317 ab
532 4284 557 4332 y,
576 4280 655 4317 ausus
674 4263 781 4320 cumO
831 4263 997 4333 suscipiendo
1019 4263 1186 4331 GUabacdf
