3036 4770
160 290 225 353 262
496 307 521 360 S.
536 306 666 360 Paulini
685 306 803 360 Nolani
822 306 966 375 episcopi

157 483 328 547 dominus
352 501 371 546 a
393 483 540 548 domino
563 503 618 566 per
640 483 722 547 hane
742 483 884 566 gratiam,
909 482 996 547 euius
1020 483 1087 565 ipse
1110 486 1218 546 auctor
1241 484 1299 560 est,

157 593 192 653 ut
215 589 296 652 sicut
318 607 402 652 nunc
424 589 455 652 in
478 588 651 653 uisceribus
674 588 813 652 caritatis
836 591 909 652 tuae
932 588 1162 671 refrigeramur,
1193 587 1239 649 ita
1260 585 1299 649 ab

158 691 282 776 ignibus
306 693 426 756 meritis
451 694 483 756 in
506 695 578 756 tuae
601 693 693 756 sertis
717 693 814 775 digito
837 692 1066 774 refrigeremur.
1102 709 1193 774 spero
1217 690 1299 754 onim

158 795 343 861 habebimus
374 797 555 880 indulgente
586 797 710 860 domino
740 800 776 860 ut
805 796 1016 860 amantissimi
1042 796 1089 859 tui
1116 795 1155 858 de
1184 794 1301 858 iustitia

158 906 213 966 tua
242 900 440 984 suffragium,
475 901 534 965 etsi
565 900 685 984 indigni
715 919 845 966 coronae
875 918 937 965 non
973 900 1143 964 audeamus
1175 916 1300 982 sperare
1338 924 1350 964 s

159 1005 360 1070 consortium.

680 1196 779 1259 XXX.

319 1349 442 1416 Seuero
465 1373 579 1415 rasum
601 1375 642 1414 nr
663 1373 803 1416 verume
825 1349 950 1416 Snvnuo
973 1353 1140 1415 annmvs.

206 1527 232 1592 1.
257 1527 355 1592 Beato
383 1528 523 1610 apostole
546 1527 665 1591 dietum
694 1531 754 1591 est:
787 1528 925 1592 multae
948 1528 1101 1592 litterae
1124 1532 1159 1592 te
1183 1527 1227 1591 ad
1251 1528 1304 1591 in-

160 1633 302 1696 saniam
330 1631 591 1714 perduxerunt.
630 1632 663 1695 in
686 1650 747 1713 que
773 1631 899 1695 illerum
921 1650 996 1696 uera
1018 1632 1140 1696 insania
1163 1636 1303 1716 apparet,
1331 1660 1356 1698 ιο

160 1736 272 1819 quibus
300 1735 454 1819 sapientia
481 1736 540 1816 dei,
571 1754 664 1817 quam
691 1736 808 1800 Paulus
836 1736 1032 1818 loquebatur,
1063 1737 1197 1801 stultitia
1226 1740 1304 1817 erat,

161 1842 233 1924 quia
252 1840 344 1904 uacui
359 1839 419 1904 fide
439 1841 580 1905 ueritatis
601 1841 783 1924 intellegere
806 1859 868 1904 non
892 1841 1091 1905 merebantur
1114 1841 1304 1923 sapientiam

161 1947 220 2026 dei,
241 1944 410 2010 Christum.
435 1948 468 2009 at
491 1962 547 2028 ege
563 1945 708 2026 quamuis
726 1944 1000 2028 propitioilhristo
1024 1944 1062 2009 ab
1085 1946 1211 2009 illorum
1234 1965 1305 2028 per-

161 2066 238 2113 sona
256 2049 439 2131 discrepem,
460 2067 592 2130 querum
613 2048 791 2113 infidelitati
811 2049 947 2113 insanire
967 2050 1020 2113 ille
1040 2051 1184 2113 sanitatis
1204 2050 1305 2133 magi·

161 2157 224 2217 ster
250 2152 426 2232 uidebatm,
458 2157 564 2217 tamen
592 2153 810 2217 unanimitatis
832 2154 967 2233 lieentia,
998 2172 1077 2235 quae
1100 2154 1177 2217 mihi
1199 2157 1305 2218 tecum
1333 2183 1357 2222 ιο

162 2257 199 2322 de
223 2258 430 2321 unanimitate
454 2255 524 2321 fidei
548 2261 595 2321 est
618 2258 724 2338 artior,
751 2257 907 2341 usurpabo
931 2257 1029 2337 uerbi,
1056 2276 1119 2322 nen
1143 2257 1240 2322 animi
1264 2260 1306 2322 si-

161 2362 380 2441 militudinem,
412 2365 448 2425 ut
474 2362 590 2425 dicam:
622 2361 745 2442 Seuere,
777 2362 822 2425 mi
849 2359 972 2442 Seuere,
1004 2363 1105 2426 multa
1132 2368 1162 2426 te
1190 2364 1305 2427 caritas

161 2485 241 2549 pene
268 2466 400 2530 delirum
430 2466 515 2546 feeit,
547 2469 578 2530 et
608 2467 690 2530 circa
721 2485 771 2529 me
803 2484 863 2530 non
895 2469 997 2531 aetate
1027 2466 1081 2530 sed
1111 2485 1206 2531 sensu
1234 2485 1306 2548 par-

162 2571 272 2634 uulum
298 2573 388 2634 tuum
416 2573 577 2652 tamquam
606 2588 683 2634 auus
712 2570 794 2633 circa
820 2589 924 2633 serum
948 2573 1094 2653 nepotem
1117 2571 1217 2634 nimia
1238 2571 1306 2653 pie·

162 2677 237 2754 tate,
267 2675 350 2756 quod
376 2677 483 2738 tamen
510 2692 586 2757 pace
613 2674 796 2757 prudentiae
823 2677 895 2738 tuae
923 2674 1063 2755 dixerim,
1094 2676 1209 2739 stultus
1237 2674 1306 2739 effi·
1331 2703 1357 2742 se

162 2797 250 2843 cens.

205 2880 235 2947 2.
260 2881 340 2964 Quid
363 2884 447 2947 enim
469 2883 528 2948 tibi
549 2883 587 2947 de
613 2883 669 2947 illa
690 2884 840 2966 petitione
862 2883 1079 2966 respondeam,
1109 2901 1170 2965 qua
1192 2884 1307 2968 imagi-

163 3007 219 3052 nes
247 2991 371 3052 nostras
393 2987 478 3071 pingi
500 2987 557 3052 tibi
579 2988 720 3070 mittique
743 2988 885 3052 iussisti?
919 2988 1046 3054 obsecro
1068 2988 1173 3070 itaque
1196 2991 1227 3053 te
1249 3008 1306 3072 per

267 3195 296 3264 a]
315 3193 388 3262 (nuo.
404 3196 443 3261 re,
456 3194 509 3263 ιι).
564 3194 592 3263 e]
612 3193 671 3248 aa.
685 3195 727 3258 aa,
741 3196 783 3250 24.
838 3195 883 3264 11]
903 3194 928 3262 (ι
947 3193 1006 3250 cor.
1021 3169 1043 3258 r,
1056 3196 1109 3263 aa).

207 3387 224 3441 2
242 3384 430 3454 refrigeremur
448 3385 491 3438 L¹
545 3388 561 3440 5
579 3400 674 3456 corone
696 3385 733 3440 0¹
792 3387 809 3440 6
827 3385 1001 3455 consortium]
1021 3401 1067 3438 oro
1085 3388 1116 3438 ut
1133 3384 1222 3438 ualuas
1240 3386 1306 3440 cdd.

165 3471 241 3539 P'U,
261 3487 306 3526 oro
325 3470 462 3525 utueleas
481 3474 575 3524 orout
597 3470 685 3524 ualens
708 3472 772 3526 add.
791 3472 824 3526 F.
854 3502 886 3510 —
914 3471 1021 3540 explicit
1043 3471 1155 3540 epistola
1179 3487 1249 3525 nona
1270 3473 1306 3540 F,

165 3559 272 3628 explicit
289 3559 323 3624 L,
342 3557 404 3612 finit
422 3558 454 3611 ad
474 3574 595 3611 seuerum
614 3558 653 3611 X·
678 3558 707 3613 0.

207 3646 384 3701 FLMOPU.
405 3673 437 3682 -
459 3644 554 3713 incipit
571 3645 686 3713 septima
704 3644 822 3698 eiusdem
847 3645 882 3713 F,
906 3645 970 3698 item
994 3644 1106 3714 epistola
1128 3643 1246 3698 eiusdem
1271 3645 1307 3699 ad

165 3732 279 3786 eundern
302 3730 355 3784 VI·
375 3733 410 3799 L,
438 3731 471 3785 ed
496 3731 635 3801 sulpitium
663 3748 785 3785 seuerum
805 3731 919 3784 XIIII·
940 3733 981 3800 M,
1007 3731 1104 3800 incipit
1130 3730 1163 3784 ad
1190 3731 1307 3786 eundem

165 3818 248 3872 VIII·
273 3818 536 3888 0,0pist01asancu
555 3818 656 3887 paulini
674 3818 790 3887 episcopi
808 3818 842 3871 ad
861 3835 981 3871 seuerum
1001 3818 1161 3872 monachum
1180 3817 1225 3871 ubi
1244 3835 1306 3872 eum

165 3904 281 3975 benigna
298 3905 466 3959 humanitate
484 3904 666 3974 reprehendit:
686 3920 715 3958 eo
734 3904 804 3974 quod
823 3905 907 3958 nimia
925 3904 1013 3958 uictus
1027 3903 1168 3958 dilectione
1186 3905 1228 3958 sui
1246 3905 1306 3959 uul-

166 3998 210 4046 tus
232 3993 385 4062 ymaginem
408 3993 509 4061 pictam
531 3992 641 4061 petebat
663 3992 696 4046 ab
720 4009 749 4045 eo
772 3992 833 4046 simi
855 3992 1008 4046 transmicti
1031 3994 1057 4048 U
1123 3994 1140 4048 8
1162 3993 1261 4046 unanio
1280 3993 1312 4048 F

166 4078 279 4147 llpaulo
298 4078 417 4147 apostolo
434 4079 493 4135 FU
560 4082 592 4134 10
610 4079 755 4148 perduxere
778 4080 804 4134 U
872 4081 904 4134 14
922 4078 1125 4134 infidelitateO
1195 4082 1227 4135 15
1246 4079 1307 4133 nni·

167 4165 230 4219 tatis
248 4166 278 4220 F
338 4168 369 4221 17
383 4183 428 4234 pr.
448 4165 544 4219 Seuere
560 4184 611 4222 om.
630 4167 657 4222 U
716 4167 749 4221 18
767 4164 888 4219 delemm
906 4167 964 4222 PU
1024 4169 1055 4221 19
1074 4165 1164 4234 tuum]
1183 4168 1213 4219 tu
1232 4165 1305 4220 enim

166 4250 267 4308 FP'U
316 4266 423 4305 seruum
442 4251 484 4306 1⁴³²
536 4253 571 4307 20
588 4251 705 4306 offocaris
723 4251 766 4306 F²
