3036 4770
488 326 513 380 S.
527 327 658 381 Paulini
679 327 797 382 Nolani
817 329 965 399 episcopi

658 575 788 640 XXXX.

160 710 327 775 Manorrvs
347 711 504 776 Pammvs
524 735 564 774 an
584 713 746 777 Tnanssm
767 714 889 780 Seuero
908 738 948 778 ar
968 715 1107 781 tusco
1129 739 1309 782 mammos

502 840 533 880 m
555 840 618 879 ono
642 816 780 883 (ismaro
804 841 954 883 saturnu.

206 974 231 1037 1.
256 972 410 1038 Omnibus
434 977 558 1057 tempus
582 979 614 1039 et
636 979 782 1058 tempus
806 977 903 1040 omni
927 978 980 1041 rei
1003 977 1060 1041 sub
1085 979 1183 1053 caclo;
1207 999 1308 1063 super

157 1079 279 1142 caelum
304 1079 386 1141 enim
410 1097 471 1142 non
495 1083 544 1143 est
566 1085 700 1162 tempus,
723 1081 795 1161 quia
818 1099 878 1145 non
901 1081 996 1147 habat
1018 1086 1142 1166 tempus
1166 1085 1309 1148 aeterni·
1353 1115 1366 1153 ⁵

157 1187 217 1263 tas,
248 1201 340 1264 quam
372 1183 404 1247 in
435 1183 520 1247 caelo
551 1184 647 1248 etiam
676 1187 825 1249 creaturis
857 1192 976 1250 creator
1006 1187 1102 1268 dedit,
1134 1187 1186 1268 qui
1216 1188 1307 1252 solus

158 1288 253 1352 habet
283 1289 499 1352 aeternitatem
526 1290 682 1372 propriam
711 1294 743 1353 et
768 1291 871 1354 lucem
893 1290 1016 1354 habitat
1040 1290 1306 1357 inaccessibilem.

158 1410 234 1456 uera
257 1392 341 1456 enim
364 1393 531 1457 aeternitas
556 1393 616 1457 nisi
639 1395 669 1457 in
694 1395 760 1476 ipso
789 1413 850 1458 non
877 1398 935 1474 est,
966 1396 1019 1477 qui
1042 1396 1126 1459 solus
1149 1396 1232 1477 quod
1256 1401 1309 1460 est

159 1499 217 1575 est,
249 1496 417 1578 sicutipse
440 1497 529 1561 dicit:
562 1515 627 1581 ego
651 1517 730 1561 sum
753 1500 814 1580 qui
838 1518 926 1562 sum.
962 1504 1065 1563 cetera
1087 1517 1160 1563 uero
1183 1500 1247 1564 nisi
1271 1501 1308 1565 in

158 1601 226 1683 ipso
255 1619 317 1665 non
345 1606 429 1666 sunt.
467 1607 613 1684 tempus
641 1621 713 1686 ergo
742 1602 800 1666 sub
829 1605 914 1667 caclo
945 1605 1044 1666 omni
1073 1604 1136 1667 rei.
1174 1608 1307 1687 tempus
1339 1637 1364 1673 ιο

158 1706 231 1787 ctio,
251 1709 376 1787 tempus
397 1708 530 1790 negotio,
550 1712 675 1790 tempus
696 1708 828 1771 silentiis
849 1711 881 1771 et
900 1712 1025 1791 tempus
1045 1708 1198 1790 alloquiis,
1223 1712 1309 1772 tem·

159 1829 216 1893 pus
241 1811 396 1874 esuriendi
420 1814 452 1875 ct
474 1817 598 1895 tempus
623 1812 778 1895 epulandi,
802 1816 837 1876 ut
860 1812 950 1891 nobis
970 1813 1121 1877 hacteuus
1140 1813 1202 1877 fuit
1222 1817 1308 1877 tem-

158 1934 217 1998 pus
238 1916 397 1979 ieiunandi
418 1934 436 1979 a
456 1916 652 1980 sermonibus
673 1917 786 1980 uestris
804 1920 834 1980 et
849 1935 932 1980 nunc
947 1917 1047 1981 isdem
1063 1917 1158 1981 cibari
1174 1920 1307 1999 tempus

159 2024 300 2084 exortum
323 2024 379 2084 est.
404 2021 535 2104 pauistis
559 2022 642 2084 enim
666 2040 722 2085 nos
745 2021 856 2085 litteris
880 2022 993 2086 uestris
1017 2021 1113 2086 uerbo
1133 2020 1182 2084 dei
1203 2021 1307 2086 dulci-

158 2124 218 2188 bus
253 2128 284 2188 ct
317 2126 384 2190 oleo
413 2126 549 2189 laetitiae
580 2125 737 2206 delibutis,
772 2144 832 2207 quo
863 2127 995 2190 libenter
1028 2126 1176 2209 ungimus
1206 2131 1306 2209 caput
1338 2158 1363 2194 15

159 2234 312 2309 nostrum,
344 2231 416 2312 quia
443 2249 504 2294 nou
534 2234 581 2294 est
608 2230 640 2293 in
667 2229 757 2294 uobis
781 2229 914 2294 mendax
937 2249 1013 2313 opus
1037 2230 1147 2309 oliuae,
1176 2232 1209 2294 in
1235 2232 1306 2313 qui-

159 2334 218 2398 bus
246 2334 368 2399 habitat
399 2336 537 2400 caritas
566 2335 607 2398 de
635 2335 743 2398 corde
770 2352 859 2416 puro
889 2339 924 2399 et
949 2334 1046 2400 bona
1068 2337 1306 2401 conscientia

160 2443 196 2503 et
218 2439 294 2503 lide
318 2457 388 2503 non
412 2440 513 2503 ficta.
552 2440 606 2502 sed
630 2440 702 2522 quia
725 2457 817 2502 nemo
841 2440 893 2521 qui
917 2439 1053 2502 multum
1077 2440 1175 2503 esurit
1195 2445 1305 2521 potest

159 2562 221 2607 unc
244 2562 324 2625 pane
347 2544 464 2623 satiari,
487 2544 623 2607 fatemur
646 2561 702 2607 nos
726 2543 859 2607 necdum
883 2544 1031 2624 expletos
1055 2542 1109 2606 sed
1128 2543 1235 2625 potius
1255 2545 1305 2608 in-

160 2647 270 2711 citatos
302 2648 340 2711 ad
368 2647 557 2712 desiderium
584 2648 759 2712 litterarum
791 2651 965 2712 uestrarum
994 2664 1056 2710 una
1082 2649 1143 2710 ista
1169 2647 1306 2731 epistola
1334 2677 1361 2715 20

160 2757 279 2833 nestra,
313 2771 408 2835 quam
441 2771 536 2817 unam
571 2756 788 2836 conputamus
822 2752 895 2834 quia
925 2751 1022 2816 talem
1053 2769 1072 2815 a
1104 2751 1204 2832 uobis,
1240 2770 1306 2834 qua

263 2951 293 3020 4]
312 2950 474 3016 Eccl.3,17.
557 2951 601 3020 15]
620 2951 829 3019 (mattam).
902 2949 1182 3021 16](Habac.3,17).
1257 2955 1289 3008 17

160 3038 254 3092 ITim.
268 3043 290 3102 1,
303 3042 327 3094 5.
1289 3067 1293 3074 .

205 3214 437 3282 FLMPUstrg.
458 3244 489 3252 -
510 3212 604 3282 incipit
626 3212 738 3282 epistola
760 3214 778 3265 ἴ
795 3212 897 3283 paulini
916 3212 961 3281 epi
978 3211 1012 3266 ad
1031 3213 1085 3266 sim
1105 3215 1132 3266 et
1149 3211 1250 3267 amedu
1267 3214 1304 3281 L,

161 3301 273 3372 epistola
292 3300 330 3356 sar
352 3301 454 3370 paulini
473 3301 506 3355 ad
525 3304 647 3355 sanctum
666 3303 693 3355 et
711 3300 857 3353 amandum
878 3299 992 3353 ·VlllI·
1012 3300 1053 3367 M,
1081 3298 1193 3368 epistola
1215 3301 1303 3353 sancti

161 3389 264 3459 paulini
287 3390 402 3458 episcopi
426 3387 459 3441 ad
483 3392 607 3442 sanctum
630 3391 657 3441 et
679 3387 823 3441 amandum
846 3386 1015 3457 presbiteros,
1038 3385 1085 3440 ubi
1108 3385 1139 3440 de
1157 3385 1257 3440 kn'tate
1276 3390 1305 3440 et

160 3476 320 3547 penitentia:
343 3478 370 3529 et
393 3475 426 3528 de
448 3476 563 3543 quinque
587 3491 712 3528 sensuum
735 3491 799 3528 cura
822 3473 944 3528 habenda
962 3489 1009 3543 per
1028 3473 1142 3526 maxima
1163 3472 1256 3542 pulcre
1276 3478 1304 3527 et

160 3563 289 3632 perlonga
318 3562 497 3633 disputatione
524 3562 691 3631 proloquitur
719 3561 912 3631 scripturarum
939 3560 1099 3615 testimoniis
1126 3559 1304 3614 condecenter

162 3650 346 3720 superaductis
378 3653 404 3708 U
427 3650 524 3716 (sancti
551 3649 652 3718 paulini
680 3649 754 3702 nolae
784 3647 899 3718 episcopi
927 3649 988 3716 epla
1015 3664 1044 3700 ex
1073 3647 1162 3701 codice
1189 3647 1302 3715 antiquo

161 3739 343 3808 manuscripto
367 3738 529 3806 transcripta
552 3739 592 3791 est
611 3736 694 3790 Nolae
717 3736 827 3789 inuento
846 3751 893 3788 nec
912 3734 999 3788 adhuc
1022 3733 1092 3802 quod
1111 3733 1211 3788 sciatur
1228 3734 1302 3802 typis

161 3826 290 3896 impressa
306 3827 355 3894 cr)
409 3824 568 3880 2thesarsia
584 3825 611 3879 U
660 3821 774 3876 amando
787 3826 843 3886 etit
896 3821 996 3875 sanctis
1009 3820 1138 3875 iratribus
1150 3820 1303 3885 FLPoar

161 3912 339 3977 3dominoss
392 3910 593 3982 sinopitem
642 3913 703 3964 let
720 3909 917 3965 lucem-l.10
936 3924 989 3962 nou
1008 3911 1072 3962 sunt
1089 3908 1301 3963 aalaMetcod.

163 4001 297 4069 Glauciae,
320 4018 370 4056 cm.
384 4005 429 4055 cet.
501 3997 605 4053 edixit
622 3997 679 4053 cod.
697 3997 820 4052 Clare-iac.
894 3998 925 4051 12
949 3987 1086 4050 cmriendi
1108 3996 1154 4049 Pt
1175 4001 1199 4049 ct
1221 3996 1303 4054 infra

162 4117 195 4169 13
207 4114 246 4182 et]
259 4112 347 4167 sicM
395 4111 501 4165 hisdem
513 4111 594 4165 LMr
648 4109 936 4174 rruosom.F1³oat
990 4112 1022 4164 15
1036 4064 1177 4177 delibutis
1188 4107 1306 4176 nalo*

161 4201 314 4253 inunximus
327 4200 415 4255 Romo.
472 4200 504 4253 16
516 4197 627 4251 nobist
680 4199 712 4252 18
724 4195 787 4248 fidei
799 4195 884 4251 FPU
934 4197 1090 4251 iocosam.
1108 4195 1135 4251 U
1183 4195 1217 4249 20
1235 4194 1301 4264 ista]

162 4286 208 4340 illa
226 4288 337 4342 Labeon
390 4285 504 4354 epistula
522 4303 558 4353 νχ
