3036 4770
418 310 587 381 appendix
607 309 752 379 epistula
770 310 809 363 ad
827 310 1026 378 Celunciam,
1044 326 1066 364 c.
1079 313 1156 366 5-7.
1292 293 1354 358 441

211 491 344 564 quinon
359 492 417 548 tarn
434 489 596 548 considerat
616 489 683 562 quid
700 488 809 547 iussum
831 489 871 548 sit
889 506 973 562 quam
994 489 1074 546 illum
1095 489 1144 563 qui
1165 489 1284 549 iusserit
1304 507 1357 549 uec

211 586 406 661 quantitatem
422 584 534 659 imperii
551 586 598 643 sed
615 584 785 658 imperantis
801 585 908 658 cogitat
923 584 1103 658 dignitatem.

262 688 289 741 7.
311 680 481 740 Aedificanti
502 681 598 753 itaque
617 680 669 739 tibi
691 680 870 753 spiritualem
890 681 1002 739 domurn
1025 697 1084 739 nou
1104 698 1191 754 super
1210 680 1356 740 leuitatem

212 795 320 836 arenae
338 777 387 835 sed
407 793 495 850 supra
513 776 684 834 soliditatem
700 779 798 850 petrae
814 775 996 834 innocentiae
1016 775 1149 850 inprimis
1169 775 1358 835 fundamenta

168 894 184 934 ο
214 876 372 949 ponantur,
392 889 480 947 supra
494 889 566 946 quae
581 870 694 930 facilius
710 871 805 945 possis
825 873 943 930 arduum
964 871 1076 930 culmen
1092 871 1221 930 iustitiae
1237 872 1355 946 erigere.

213 968 365 1027 maximam
388 967 464 1026 enim
487 970 596 1041 partem
620 967 774 1040 aequitatis
795 966 925 1040 impleuit
946 967 994 1041 qui
1016 967 1088 1026 nulli
1108 968 1217 1038 nocuit,
1240 971 1356 1026 beatus-

215 1083 271 1140 que
291 1068 337 1124 est
355 1064 404 1137 qui
422 1066 518 1138 potest
537 1081 600 1121 cum
621 1066 721 1122 sancto
741 1063 792 1121 Iob
811 1063 917 1121 dicere:
938 1063 1028 1122 nulli
1049 1064 1149 1123 nocui
1170 1063 1356 1135 hominum,

215 1161 308 1220 iuste
328 1158 401 1217 uiri
420 1177 493 1218 cum
513 1159 683 1218 omnibus.
714 1160 790 1217 unde
805 1159 944 1216 audenter
958 1176 990 1217 ac
1006 1159 1174 1234 simpliciter
1189 1159 1357 1234 loquebatur

215 1256 251 1314 ad
271 1255 429 1314 dominnm:
453 1255 531 1327 quis
552 1256 605 1313 est
627 1253 685 1328 qui
708 1253 883 1312 iudicetur
906 1258 1052 1312 mecum?
1076 1255 1103 1313 id
1127 1258 1171 1314 est
1191 1255 1256 1328 quis
1275 1258 1356 1314 tuum

159 1371 188 1410 ro
215 1352 368 1410 aduersum
383 1367 427 1409 me
442 1352 537 1423 potest
552 1349 702 1424 implorare
718 1349 863 1419 iudicium,
879 1351 912 1406 ut
927 1366 958 1408 sc
975 1349 1083 1409 laesum
1098 1367 1171 1409 ame
1183 1351 1356 1410 conuincat‘?

215 1446 386 1521 purissimae
401 1445 593 1504 conscientiae
609 1449 654 1503 est
669 1463 767 1504 secure
783 1462 885 1503 cauere
899 1462 962 1503 cum
975 1447 1126 1520 propheta:
1143 1447 1356 1520 perambula-

126 1594 129 1598 .
216 1546 288 1602 bam
309 1542 344 1599 in
363 1541 570 1600 innocentia
588 1541 703 1600 cordis
723 1541 801 1611 mci,
825 1541 860 1599 in
881 1541 989 1601 medic
1012 1542 1245 1602 domusmeae.
1282 1543 1357 1601 uude

216 1638 289 1697 idem
304 1637 373 1696 alibi
388 1637 471 1696 dicit:
492 1654 559 1696 uon
582 1636 762 1695 iraudcuit
782 1638 865 1696 deus
887 1637 988 1696 bonis
1009 1655 1080 1708 eos,
1101 1637 1158 1712 qui
1178 1638 1358 1696 ambulant

216 1733 252 1791 in
271 1732 484 1792 innocentia.
506 1733 602 1806 itoque
617 1733 755 1791 malitiam
771 1733 865 1792 odium
881 1736 967 1806 atque
983 1733 1130 1804 inuidiam,
1147 1751 1220 1807 quae
1235 1734 1280 1792 uel
1296 1751 1357 1791 ma·

163 1849 190 1889 rs
216 1827 292 1887 xima
310 1828 356 1887 uel
376 1829 437 1887 sole
456 1828 567 1887 semina
586 1832 656 1886 sunt
676 1829 806 1899 nocendi,
830 1828 994 1887 Christiana
1014 1848 1031 1887 a
1051 1846 1082 1889 se
1101 1830 1198 1888 anima
1216 1829 1358 1904 propellat

217 1942 310 1998 neque
329 1941 416 1983 manu
435 1928 548 1983 tantum
568 1928 618 1983 aut
638 1925 739 1999 lingua
759 1926 808 1983 sed
828 1926 910 1983 corde
926 1941 1036 1999 quoque
1056 1925 1198 1984 custodiat
1217 1925 1357 1983 iunocen-

216 2019 286 2078 tiam
302 2037 355 2079 nec
370 2022 451 2079 modo
467 2038 550 2094 opere
571 2021 620 2078 sed
640 2023 706 2080 uoto
722 2020 808 2081 etiam
828 2037 929 2079 nocere
949 2020 1090 2079 formidet.
1121 2024 1261 2094 quantum
1281 2019 1356 2078 cuim

217 2116 251 2174 ad
267 2116 375 2190 pcccati
390 2116 530 2175 rationem
546 2116 682 2190 pertinet,
699 2116 797 2176 nocuit
811 2119 840 2174 ct
854 2117 903 2189 qui
919 2133 1021 2175 nocere
1036 2117 1188 2190 disposuit.
1205 2115 1288 2174 multi
1305 2132 1357 2173 no·

218 2213 340 2270 strorum
360 2211 440 2270 illum
456 2211 585 2270 absolute
600 2216 687 2285 atque
703 2211 815 2286 integre
836 2211 977 2270 definiunt
992 2212 1185 2282 innocentem,
1209 2212 1257 2285 qui
1274 2228 1310 2269 nc
1325 2211 1358 2269 in

164 2327 192 2366 su
217 2307 381 2380 ecquidem
401 2307 474 2365 nulli
494 2310 605 2377 noceat,
628 2309 703 2381 quod
723 2309 857 2381 prodesse
877 2307 1007 2365 desistat.
1044 2308 1117 2380 quod
1138 2307 1163 2365 si
1182 2324 1281 2364 uerum
1302 2307 1356 2377 est,

216 2403 277 2460 tum
293 2404 404 2461 demum
420 2402 526 2462 laetare
541 2404 575 2461 de
591 2402 772 2462 innocentiae
784 2403 971 2474 conscientia,
988 2403 1023 2473 si,
1039 2420 1102 2461 cum
1114 2405 1205 2476 potes
1221 2402 1357 2460 adiuuare

218 2515 275 2557 non
295 2497 425 2569 desinas3
445 2498 493 2557 sin
513 2516 579 2558 uero
599 2498 692 2558 diuisa
711 2498 834 2557 intense
853 2499 910 2557 ista
924 2501 1010 2572 atquc
1026 2497 1163 2557 distincta
1178 2501 1248 2555 sunt
1263 2496 1355 2556 aliud·

218 2610 272 2667 que
292 2596 417 2654 estnon
437 2611 548 2666 nocere,
569 2596 641 2669 quod
662 2612 775 2670 semper
793 2596 885 2669 potes,
905 2593 982 2652 aliud
1002 2594 1146 2668 prodesse,
1166 2609 1230 2651 cunr
1251 2591 1356 2666 possis,

321 2824 349 2894 r]
368 2823 515 2891 rosere.
581 2823 676 2893 s]10r›
697 2827 791 2888 mre.
859 2824 903 2894 11]
922 2823 1075 2889 strecs.
1140 2823 1184 2892 13]
1203 2823 1356 2886 mecm.

262 3041 366 3110 lquod
383 3043 472 3098 Rosw.
539 3041 748 3111 2dignitatcm]
768 3042 980 3111 diuinitatemtp
1032 3041 1228 3112 stitione
1281 3043 1358 3112 spiri-

218 3128 298 3183 talem
320 3146 342 3183 u
410 3138 532 3197 supreme
599 3128 740 3197 latonae]
760 3128 852 3182 harere
875 3147 893 3182 c
963 3145 1042 3197 super
1060 3146 1103 3185 ux
1154 3133 1244 3199 petrae
1267 3129 1358 3184 solidi-

220 3220 344 3285 tatemer
413 3218 503 3285 petrae
526 3234 576 3272 em.
594 3234 615 3270 x
684 3215 890 3270 fundamentum
912 3220 1027 3285 ponatur
1047 3218 1168 3284 mltosw.
1239 3221 1358 3286 5supcr

218 3303 288 3372 quod
314 3303 401 3360 Resw.
482 3302 580 3372 possis]
608 3301 697 3356 ualeat
720 3303 861 3371 messisp
930 3303 1048 3357 iustitiae
1072 3302 1177 3357 culmen
1203 3314 1358 3372 surgerem

218 3389 350 3446 tibcatus
373 3390 418 3457 qui
442 3389 502 3458 (que
525 3394 565 3443 est
583 3389 692 3458 0me
761 3389 940 3444 rhominum
964 3389 1089 3457 necuim
1158 3388 1359 3457 8audactcr=p

218 3493 248 3532 ac
265 3495 308 3533 ux
365 3476 550 3544 cdomiuum]
569 3487 673 3544 summ
733 3476 1031 3546 est]illeud‹t.1lcsw.
1094 3476 1139 3545 qui
1158 3475 1257 3529 iudicet
1275 3487 1358 3543 mem

217 3564 246 3618 id
273 3568 312 3618 est
339 3564 398 3632 quis
426 3579 504 3617 suurn
531 3580 556 3631 v,
583 3575 677 3632 cmm
743 3567 774 3619 10
802 3563 956 3634 aduersum]
980 3568 1139 3633 conquestus
1165 3562 1308 3617 aduersum
1336 3573 1358 3629 ψ

217 3651 260 3721 ut]
284 3655 357 3720 etrc
426 3649 518 3718 ame]
542 3667 557 3703 a
580 3667 621 3703 me
645 3662 743 3720 essetp
814 3653 845 3706 12
864 3651 949 3720 meae]
968 3655 1013 3704 tue
1030 3670 1050 3707 x
1121 3652 1153 3707 13
1175 3650 1246 3704 idem
1264 3661 1358 3718 orum

218 3742 251 3796 13
269 3737 447 3805 lraudabitp
517 3737 572 3807 ecs]
592 3737 683 3807 eiusy
753 3754 796 3791 ecs
815 3737 881 3791 deus
898 3736 975 3791 bouis
993 3756 1013 3792 u
1067 3740 1099 3794 14
1118 3736 1247 3791 inuidiam
1266 3735 1357 3790 odium

217 3829 297 3895 atque
315 3823 488 3893 melitiamrp
559 3827 591 3880 15
610 3830 673 3878 sunt
691 3825 734 3878 uel
752 3824 809 3878 sols
826 3827 889 3877 sunt
907 3825 1050 3892 seminam
1118 3823 1250 3892 propellat
1268 3823 1358 3876 ouima

217 3930 245 3982 u,
263 3912 305 3966 aia
323 3928 338 3965 a
355 3928 383 3966 se
401 3915 442 3965 aia
460 3910 591 3982 propellat
608 3930 625 3964 o
680 3915 711 3968 17
724 3928 800 3981 opere
814 3911 994 3967 mochcsw.
1048 3909 1176 3964 formidat
1192 3929 1212 3965 u
1266 3913 1298 3966 18
1311 3910 1357 3978 qui

217 4001 245 4053 et
263 4010 293 4067 ψ,
312 3999 394 4068 quiy
462 3999 624 4068 nostrorum]
644 4011 782 4067 nomeup
854 4001 885 4053 19
903 3997 994 4067 illum]
1012 3997 1080 4051 illud
1097 4009 1167 4065 uem
1220 3995 1358 4051 diffiniunt

217 4097 333 4156 uxmyc
385 4084 554 4139 innocentem
572 4103 678 4142 omme
732 4086 776 4155 ne]
796 4102 844 4140 nec
863 4096 893 4154 ψ,
911 4102 996 4140 ome
1047 4087 1081 4140 20
1100 4083 1166 4138 nulli
1184 4094 1285 4153 capy,
1303 4100 1357 4138 nou

218 4171 285 4226 nulli
308 4191 333 4240 c,
356 4171 404 4226 ulli
427 4173 515 4230 Rcsw.
585 4190 630 4242 pr.
649 4172 732 4241 quod]
756 4184 855 4241 quom
934 4175 975 4225 est
997 4188 1091 4225 uerum
1111 4189 1132 4225 u
1201 4173 1235 4226 22
1258 4171 1312 4240 siu]
1335 4171 1357 4225 si

216 4269 264 4328 xp
316 4259 368 4313 ista
385 4271 479 4329 comp
532 4260 666 4329 nequod]
686 4275 747 4313 cum
765 4277 785 4314 c
