3036 4770
626 345 770 413 epistula
786 343 883 407 XXXI,
897 359 919 398 e.
934 345 1009 399 1-3.
1325 324 1388 389 269

289 517 319 582 2.
344 518 415 583 Non
447 523 552 583 autem
581 519 671 583 uobis
702 522 734 583 et
760 520 818 583 hoc
849 517 1025 598 scribimus,
1055 521 1091 581 ut
1121 517 1289 581 imitemini
1315 536 1389 581 con-

248 625 433 705 positionem
455 625 559 704 istam,
583 642 645 706 qna
664 623 782 688 tubello
806 624 929 688 aureolo
950 642 1018 686 rem
1038 626 1144 686 tantae
1163 621 1389 685 benedictionis

249 728 442 792 inclusimus.
475 729 576 812 magis
599 728 683 792 enim
706 747 762 793 nos
785 729 841 792 tali
863 730 974 810 paratu
989 727 1091 805 *fidem
1113 730 1252 789 uestram
1275 726 1390 789 imitati

249 850 367 912 sumnus,
392 835 427 896 ut
449 837 588 897 nestram
611 832 701 897 nobis
720 834 888 898 formulam
912 833 1108 896 mitteremus
1132 831 1165 895 in
1188 830 1288 913 specie
1313 829 1388 909 auri,

193 959 225 997 ⁵
250 939 323 1019 quia
350 939 466 1001 scimus
494 956 550 1002 nos
577 942 614 1002 ut
641 956 750 1000 aurum
778 937 912 1020 ignitum
935 937 1018 1001 intra
1040 955 1096 1000 uos
1118 934 1233 999 habere
1256 953 1389 1018 regnum

248 1043 297 1106 dei
320 1043 378 1106 hoo
401 1047 449 1107 est
471 1041 565 1105 fidem
588 1042 698 1121 erucis,
729 1060 790 1124 qna
817 1060 949 1124 regnum
972 1041 1130 1104 caelorum
1152 1039 1320 1103 inuaditur.
1359 1038 1389 1102 si

249 1147 359 1227 euim,
391 1147 503 1228 inquit,
535 1147 807 1228 conpatiamnr,
840 1149 876 1209 et
905 1144 1227 1228 conregnabimus.
1268 1146 1300 1207 et
1321 1144 1389 1207 ideo

247 1270 309 1315 non
332 1251 371 1314 ad
391 1250 462 1313 fidei
480 1251 727 1330 firmamentum,
748 1250 822 1331 quia
841 1250 994 1313 uisionem
1014 1249 1074 1312 fide
1093 1248 1310 1332 praeuenistis‚
1334 1246 1389 1310 sed

247 1359 373 1438 propter
400 1355 547 1418 meritum
574 1354 656 1434 fidei,
687 1373 782 1435 qnam
810 1355 919 1418 auditu
946 1357 1104 1437 receptam
1131 1354 1217 1417 factu
1238 1351 1389 1435 probatis,

159 1473 224 1517 ιο
249 1461 392 1523 misimus
416 1459 506 1522 uobis
530 1459 646 1522 donum
669 1459 702 1523 in
722 1459 847 1523 domino
869 1459 946 1541 ligni
970 1459 1126 1537 salutaris,
1150 1461 1185 1520 ut
1208 1460 1239 1520 et
1262 1473 1389 1537 corpore

249 1564 446 1645 possideretis
474 1582 568 1645 quam
596 1564 709 1627 tenetis
738 1563 848 1645 spiritu
875 1567 907 1627 et
928 1563 1080 1647 propositi
1107 1562 1222 1625 uirtute
1248 1560 1388 1643 portatis.

292 1668 321 1732 3.
345 1667 404 1733 Sed
428 1669 502 1750 quia
527 1668 558 1731 id
585 1669 690 1750 ipsum
713 1667 789 1731 fides
816 1668 939 1731 uidetur
961 1668 1129 1750 postulare,
1161 1684 1222 1730 nou
1252 1665 1389 1728 alienum

248 1775 333 1855 puto,
364 1773 438 1854 quia
460 1773 586 1856 cognitu
609 1772 737 1855 dignum
765 1775 822 1850 est,
854 1789 997 1835 enarrare
1025 1770 1193 1853 specialem
1216 1773 1286 1852 post
1309 1774 1390 1834 tem-

248 1896 323 1959 pora
343 1878 496 1959 passionis
516 1877 680 1940 historiam
702 1880 859 1940 reseratae
883 1879 914 1939 et
935 1877 1083 1939 inuentae
1113 1876 1222 1938 erucis.
1262 1891 1340 1955 qnae
1363 1873 1390 1937 si

167 1991 224 2036 15
249 1983 416 2065 ignoretur,
439 1982 530 2046 facile
555 1985 603 2045 est
624 1982 766 2064 perspici,
790 1999 851 2063 qua
875 1979 1058 2044 difficultate
1081 1979 1269 2062 adprobetnr
1292 1979 1390 2042 domi-

249 2087 337 2152 nicae
363 2087 463 2151 crncis
491 2104 559 2149 esse
582 2087 704 2169 liguum
726 2086 794 2166 hoc,
825 2086 907 2167 quod
936 2089 1056 2148 certum
1084 2086 1142 2164 est,
1173 2084 1253 2147 siin
1277 2100 1389 2146 manns

248 2192 434 2255 Iudaeorum
458 2191 598 2255 uenisset
621 2190 725 2254 omnia
747 2194 855 2253 eontra
877 2188 972 2252 fidem
989 2188 1104 2253 Christi
1125 2187 1389 2271 praecedentium,

249 2296 472 2360 conterendum
496 2299 528 2358 et
550 2294 740 2358 exurendum
763 2295 870 2357 fuisse.
898 2312 999 2375 neque
1023 2293 1107 2356 euim
1130 2293 1162 2355 in
1184 2309 1275 2355 cruce
1299 2291 1390 2355 omit·

251 2400 344 2464 tenda
372 2401 573 2483 neglegentes
605 2400 746 2478 fuissent,
778 2399 830 2479 qni
860 2399 1065 2480 signauerunt
1095 2396 1306 2479 sepulchrum,
1337 2397 1391 2458 aut

175 2515 224 2563 ἕο
248 2505 328 2567 ferre
350 2505 537 2587 potuissent,
567 2506 603 2567 ut
629 2504 662 2567 in
685 2522 775 2566 eruce
799 2504 966 2586 superstite
989 2503 1092 2585 passio
1119 2502 1203 2565 illins
1226 2501 1389 2578 coleretur,

250 2609 338 2671 cuius
367 2609 627 2672 resurrectionem
654 2611 785 2671 uacuato
809 2607 958 2670 discussis
986 2606 1154 2688 signaculis
1185 2606 1251 2669 suis
1278 2622 1390 2668 monu-

250 2717 355 2777 mento
378 2711 543 2796 probatam
566 2713 625 2776 coli
646 2713 727 2775 ferre
751 2703 813 2776 non
832 2716 973 2792 possunt.
998 2711 1072 2792 quid
1095 2728 1168 2792 ergo
1193 2728 1276 2773 nunc
1296 2727 1390 2791 quae·

248 2817 327 2881 ritur
350 2816 404 2881 ubi
425 2817 520 2881 fuerit
542 2815 657 2896 abdita,
681 2816 755 2897 quia
778 2816 838 2879 nisi
859 2816 1012 2895 latuisset,
1035 2815 1096 2878 illis
1115 2815 1300 2896 praesertim
1319 2831 1390 2894 per-

250 2922 443 2985 secutionnm
470 2920 664 3003 temporibus
687 2920 847 2983 Iudaicam
874 2920 1048 2985 consecutis
1076 2918 1226 2982 inuidiam
1258 2921 1289 2981 et
1310 2935 1390 2999 pene

196 3044 224 3088 ss
251 3025 461 3108 supergressis
478 3025 653 3104 saeuitiam,
673 3025 875 3088 manifestum
892 3027 940 3087 est
955 3023 1140 3087 abolendam
1156 3023 1275 3087 fuisse?
1298 3021 1391 3085 facile

252 3131 334 3193 enim
357 3130 487 3211 adsequi
509 3130 687 3193 coniectma
706 3147 884 3211 possumus,
908 3146 969 3210 qua
991 3128 1023 3191 ui
1047 3127 1234 3191 excidissent
1255 3144 1389 3206 crucem,

356 3319 384 3388 6]
408 3319 611 3388 (1666618).
683 3317 757 3387 (nus
777 3321 816 3382 rr,
834 3320 881 3382 21;
904 3317 966 3372 nus.
986 3320 1026 3380 ro,
1045 3317 1095 3386 rs).
1167 3317 1195 3386 6]
1215 3317 1291 3370 som.
1309 3319 1334 3380 s,
1349 3318 1389 3371 rr.

252 3405 280 3474 e]
299 3406 385 3474 (mm.
401 3406 506 3475 166).
562 3406 606 3475 11]
625 3405 695 3474 (66.
708 3408 732 3469 6,
747 3405 797 3473 6).
853 3404 897 3473 19]
917 3404 1023 3472 (naseu.
1037 3408 1078 3469 nr,
1092 3407 1125 3460 66
1143 3407 1170 3457 et
1187 3406 1229 3468 66,
1244 3405 1294 3472 rs).

295 3565 420 3666 bqui⁵L
482 3599 748 3667 7666161660
806 3596 912 3654 bfacto
931 3597 999 3664 LM,
1018 3595 1097 3648 factis
1116 3596 1238 3665 Bipoees
1297 3596 1329 3649 10
1347 3593 1388 3662 ut]

253 3688 282 3738 nt
300 3702 405 3740 erucem
423 3703 439 3740 6
512 3687 543 3740 14
561 3688 691 3738 reseratae
709 3687 817 3754 scripsi,
835 3688 983 3738 reuersatae
1006 3683 1058 3749 06,
1078 3681 1209 3736 reuolutae
1228 3688 1283 3749 cet,
1301 3696 1390 3732 reuer-

253 3775 323 3826 satae
342 3773 411 3828 coni.
426 3773 519 3827 Saech.
576 3775 606 3827 15
625 3787 677 3840 qua
692 3772 743 3839 Oc,
762 3771 824 3839 quia
842 3777 886 3826 oct.
941 3768 1099 3823 difficultate
1116 3769 1165 3834 06,
1185 3766 1330 3820 difficulter
1343 3773 1388 3821 cet.

255 3863 285 3915 17
303 3859 550 3929 precanentian
620 3863 653 3916 18
672 3858 820 3912 exuendum
843 3860 870 3914 U
931 3856 1097 3911 obmittendu
1119 3852 1391 3922 nominandam,

254 3945 383 4000 abolenda
400 3965 416 4001 6
487 3949 519 4002 19
537 3946 676 4015 signauere
695 3947 753 4002 FU
819 3948 867 3999 aut
884 3945 979 4012 ΖΜΟ,
1003 3961 1053 3997 osu.
1073 3942 1123 4010 1³¹,
1141 3945 1168 3994 et
1185 3940 1289 4005 FP'U,
1309 3956 1356 3993 nec
1373 3958 1391 3995 6

254 4034 356 4087 auferre
375 4034 460 4089 FPU
526 4033 620 4101 aeut]
644 4049 677 4086 ne
699 4032 768 4088 FP'
791 4032 844 4101 (1³²
861 4034 893 4086 in
910 4032 974 4099 rae.)
997 4032 1023 4086 U
1089 4033 1121 4085 21
1145 4027 1300 4082 indiscussis
1320 4029 1389 4083 coni.

253 4122 374 4192 Ripaeos
426 4122 460 4176 22
479 4120 754 4189 quieritanLMOP
805 4122 838 4175 23
857 4118 949 4172 obdita
961 4111 1057 4172 LMO'
1101 4116 1257 4185 quiaLOo,
1275 4130 1342 4183 quae
1354 4115 1390 4179 F,

254 4225 304 4276 qne
327 4211 389 4278 PU,
416 4210 468 4278 quit
490 4210 513 4275 (1
536 4225 585 4277 que
603 4228 624 4264 s.
638 4208 744 4276 l.m.2)
763 4209 800 4262 M
865 4208 900 4261 24
927 4203 1091 4274 temporibus
1116 4203 1330 4274 persecutionum
1357 4203 1396 4257 Μ

254 4298 287 4351 25
306 4297 402 4350 seuitia
419 4297 454 4366 L,
473 4296 571 4350 senicia
589 4297 626 4350 M
674 4294 805 4348 abolenda
821 4293 917 4346 fuisset
933 4293 1019 4349 FPU
1067 4290 1140 4345 facili
1158 4290 1223 4346 ΕΜ
