3036 4770
480 308 588 376 passio
606 307 633 362 S.
646 307 779 364 Genesii
797 307 1016 371 Arelatensis,
1035 326 1057 363 c.
1072 312 1147 366 1—4.
1320 291 1383 356 427

226 481 399 566 scriptum
431 484 486 548 sitt
520 484 683 568 spiritus
717 485 867 566 quidem
897 489 1107 568 promptus,
1142 503 1227 549 caro
1261 490 1385 549 autem

224 581 408 668 infirma,
435 587 475 653 ab
502 589 549 654 ira
575 607 610 654 se
636 589 746 654 iudicis
774 590 904 654 furentis
927 590 1086 673 paulisper
1108 590 1287 654 occultauit.
1333 589 1386 671 qni

226 706 318 756 eum
340 710 414 757 enm
436 694 548 777 corripi
569 695 711 778 protinus
733 693 899 777 offerrique
922 694 983 759 sibi
1008 695 1152 759 iussisset
1174 712 1275 775 neque
1294 692 1385 758 facile

227 791 446 881 inuestigatio
476 798 516 862 ad
542 802 741 882 procuratam
763 797 919 864 latebram
941 799 1133 882 perueniret,
1160 797 1384 862 crudelissimis

143 898 169 939 ⁵
230 915 364 984 poenae
390 901 559 983 ministris,
589 908 626 968 ut
651 902 706 968 ubi
736 907 878 986 repertus
910 903 1023 968 inisset
1050 903 1154 987 gladio
1184 921 1257 966 enm
1288 903 1386 966 inter·

235 1002 390 1086 ficerent,
412 1006 588 1089 imperauit
627 1007 709 1089 qnod
732 1006 786 1071 ubi
808 1005 900 1072 beato
924 1005 1058 1072 Genesio
1080 1007 1133 1071 uel
1155 1007 1285 1071 occultis
1306 1024 1386 1069 nun·

240 1108 297 1172 tiis
320 1109 371 1173 uel
393 1127 517 1175 rumore
539 1116 735 1194 compertum
759 1116 823 1191 est,
846 1111 971 1175 diuersa
992 1110 1110 1175 latendi
1128 1111 1211 1191 loca,
1234 1114 1270 1174 ut
1285 1110 1385 1174 exitus

244 1211 348 1294 docet,
370 1232 432 1279 non
454 1214 634 1280 infirmitate
657 1217 785 1299 spiritus
809 1216 863 1279 sed
886 1216 989 1280 carnis
1011 1215 1216 1298 trepidatione
1239 1214 1385 1279 mutauit.

289 1315 318 1382 3.
353 1318 458 1401 Atque
484 1319 624 1401 iuterim,
650 1322 724 1387 licet
754 1319 910 1404 superfluo
934 1321 971 1383 de
994 1324 1197 1403 praesumpta
1219 1317 1290 1383 fidei
1312 1336 1386 1383 con·

143 1420 186 1461 *⁰
248 1419 419 1487 firmatione
442 1424 608 1505 sollicitus,
638 1425 786 1507 quoniam
810 1425 942 1489 necdum
966 1430 1035 1489 erat
1056 1443 1092 1488 ex
1115 1442 1197 1507 aqua
1220 1428 1252 1488 et
1273 1424 1385 1507 spiritu

249 1531 354 1592 sancto
383 1533 524 1610 renatus,
553 1548 608 1612 per
638 1530 715 1594 fidos
745 1530 955 1594 internuntios
983 1547 1003 1593 a
1030 1528 1201 1593 catholicae
1228 1528 1385 1612 religionis

249 1632 385 1696 antistite
414 1631 530 1697 donum
554 1633 753 1716 baptismatis
775 1634 956 1716 postulauit.
1010 1634 1065 1697 sed
1087 1633 1139 1697 ille
1162 1632 1214 1696 uel
1236 1632 1386 1715 temporis

249 1736 400 1818 angustiis
426 1737 596 1820 impeditus
624 1739 674 1802 nel
704 1738 832 1803 iuuenili
855 1741 958 1802 aetate
980 1735 1126 1802 diffidens
1149 1737 1289 1801 ardentia
1311 1739 1386 1800 nota

248 1839 366 1906 distulit
397 1859 433 1905 ac
459 1841 593 1906 fideliter
619 1843 784 1923 indicauit,
818 1843 901 1925 quod
928 1843 1054 1926 plenam
1083 1841 1385 1906 consummationem

248 1944 341 2009 etiam
364 1944 457 2009 huius
480 1947 618 2010 muneris
641 1947 730 2011 daret
752 1951 897 2030 prompte
919 1964 974 2029 pro
991 1945 1113 2011 Christo
1132 1945 1249 2009 cruoris
1265 1943 1385 2008 effusio.

248 2051 279 2113 et
300 2048 376 2114 haec
391 2048 516 2131 quidem
533 2051 691 2115 cunctatio
708 2051 878 2115 sacerdotis
895 2051 1009 2131 diuino,
1032 2054 1067 2113 ut
1081 2049 1248 2114 aestimare
1263 2065 1385 2131 promp-

247 2156 314 2217 tum
334 2157 392 2234 est,
415 2158 494 2218 nutu
518 2158 611 2236 atque
634 2155 746 2219 iudicio
762 2158 930 2239 prouoceta
946 2155 1157 2237 dispositeque
1174 2156 1232 2233 est,
1255 2157 1291 2216 ut
1306 2153 1387 2216 circa

247 2255 312 2321 eius
342 2258 526 2322 sollemnem
557 2261 823 2324 consecrationem
851 2259 953 2323 officia
976 2258 1114 2322 bumana
1136 2261 1306 2335 cessarent,
1336 2255 1386 2319 eui

246 2362 337 2425 unius
370 2360 569 2445 baptismatis
604 2363 717 2446 duplex
752 2365 853 2447 gratia
886 2382 921 2426 ex
958 2367 1088 2443 utroque
1120 2361 1241 2425 scilicet
1271 2359 1385 2426 Christi

158 2466 221 2527 δυ
245 2465 343 2529 latere
367 2469 398 2530 et
419 2484 502 2548 aqua
524 2472 555 2531 et
578 2467 706 2551 sangnis
729 2466 908 2551 parebatur.

287 2567 317 2633 4.
353 2568 412 2635 Sed
442 2571 505 2635 iam
535 2571 680 2635 dominus
708 2589 763 2654 per
786 2572 929 2654 spiritum
952 2574 1095 2635 sanctum
1119 2569 1217 2634 futuri
1240 2569 1386 2650 martyris

246 2677 425 2739 seruaturus
448 2692 576 2755 arcana,
599 2675 780 2740 subeundae
803 2675 1011 2739 constantiam
1033 2673 1188 2757 passionis
1204 2673 1255 2737 nel
1270 2672 1387 2737 fecerat

246 2777 296 2841 nel
328 2777 465 2859 uidebat,
497 2798 597 2862 neque
627 2779 805 2863 patiebatur
835 2778 951 2843 differri
981 2795 1137 2857 coronam,
1165 2794 1236 2841 cnm
1266 2777 1387 2840 uideret

246 2887 386 2963 paratam
410 2903 479 2947 esse
501 2884 674 2949 uictoriam.
718 2885 823 2965 itaque
844 2882 1080 2967 percussoribus
1103 2882 1257 2946 eumenis
1273 2880 1387 2945 obtulit

180 3003 220 3050 2⁵
247 2985 363 3067 ethis,
386 3005 517 3068 quorum
541 2988 574 3051 in
597 2988 731 3051 eundem
754 2987 847 3051 auida
870 2987 1036 3051 crudelitas
1059 2985 1213 3065 inhiabat,
1240 2985 1385 3050 ostendit

248 3092 340 3172 atque
363 3090 390 3155 is
412 3090 466 3155 nbi
489 3110 523 3155 se
546 3091 693 3174 perspicit
716 3091 959 3174 deprehensum,
989 3090 1140 3154 instinctu
1164 3089 1280 3153 domini
1302 3088 1386 3153 Rho-

247 3193 363 3257 danum
385 3195 465 3277 petit
488 3198 520 3258 et
542 3200 652 3259 sancta
673 3193 767 3259 fluuio
790 3194 934 3259 membra
955 3194 1138 3272 committit,
1169 3197 1205 3256 ut
1228 3211 1298 3257 eum
1322 3192 1386 3257 illic

248 3314 267 3360 a
298 3299 492 3363 concretione
527 3299 650 3363 mortali
680 3300 768 3363 uelut
798 3299 927 3364 alterius
957 3298 1099 3362 Iordanis
1126 3297 1218 3362 undis
1246 3297 1385 3361 occultus

246 3401 384 3486 baptista
405 3407 554 3487 purgaret
576 3408 608 3468 et
630 3408 740 3468 mutuo
763 3404 944 3485 alternoque
960 3403 1108 3487 mysterio
1124 3406 1156 3466 et
1171 3401 1259 3484 aquis
1275 3418 1385 3483 corpus

352 3617 378 3687 1]
397 3617 492 3672 matth.
506 3620 548 3682 26,
561 3620 603 3673 41.
658 3618 703 3688 no]
723 3618 791 3684 (rou.
807 3621 846 3683 19,
859 3620 910 3686 34).

291 3818 304 3871 l
318 3820 457 3886 promptus
470 3821 510 3872 est
524 3818 586 3874 Scor.
640 3820 657 3873 2
674 3817 788 3872 furentis
800 3817 896 3871 iudicis
909 3816 1043 3886 paulisper
1055 3815 1172 3870 occuluit
1184 3817 1248 3872 Sur.
1301 3818 1318 3870 3
1335 3813 1386 3867 sibi

247 3920 297 3960 om.
313 3904 375 3960 Sor.
446 3902 524 3958 facile
541 3906 648 3974 scripsi,
667 3903 753 3957 facilis
771 3907 803 3970 Z,
822 3922 873 3960 orn.
894 3904 957 3960 Sur.
1027 3901 1178 3957 llatebam
1196 3904 1223 3956 Z
1291 3905 1385 3957 bemn

247 4007 298 4047 om.
322 3992 348 4045 Z
416 3994 432 4047 9
459 3995 645 4061 praesumptae
672 3993 734 4047 Sur.
809 3995 840 4046 lo
868 3989 988 4044 nondum
1016 3991 1079 4046 Sur.
1153 3992 1184 4045 13
1212 3987 1293 4042 aetati
1322 3988 1385 4043 Sar.

248 4078 282 4131 16
299 4076 410 4131 aestimo
427 4080 534 4145 promto
548 4078 610 4134 Sur.
665 4080 696 4133 21
717 4076 854 4145 dominus]
873 4077 918 4145 qni
936 4076 1000 4131 aod.
1015 4077 1078 4132 Sar.
1133 4078 1166 4130 22
1185 4073 1310 4128 seruabat
1322 4074 1385 4128 Sur.

247 4165 281 4218 24
308 4164 364 4217 suis
393 4180 453 4217 eum
477 4167 539 4220 Sor.
611 4166 644 4220 25
667 4165 700 4218 iis
725 4166 787 4219 Sur.
859 4167 891 4220 27
919 4163 998 4233 petiit
1025 4164 1088 4219 Sar.
1159 4165 1193 4219 28
1221 4161 1386 4216 concretione

247 4251 354 4320 omipsi,
372 4251 578 4319 congregatione
595 4252 628 4317 Ζ,
648 4251 805 4317 contagione
825 4252 887 4306 Sar.
