3036 4770
226 308 265 362 VI
703 308 878 364 Praefatio.

226 483 278 565 qui
300 487 422 548 nostros
444 484 564 548 codices
587 483 816 569 componebant
835 502 887 548 cas
907 485 1014 548 sedulo
1034 481 1267 566 conquirebant,
1290 500 1360 546 car-

225 586 310 649 mina
340 587 434 651 etiam
461 605 539 670 quaa
567 588 777 653 offerebantur
804 588 970 661 addentem
1008 605 1108 669 neque
1135 587 1193 651 hoc
1219 590 1360 669 tompore

226 691 393 773 colligendi
420 693 658 775 inueniendique
687 710 781 777 opera
807 692 950 757 absoluta
976 695 1033 756 cst.
1072 691 1153 774 quod
1176 694 1212 754 ut
1234 708 1361 755 accura-

227 794 289 858 tius
313 801 528 879 cognoscatur,
558 797 699 861 iambos
723 797 843 862 codices
866 814 1094 861 recenseamus.

155 998 183 1063 0
269 1002 369 1067 Codex
392 1004 526 1069 Parisin.
543 1003 628 1067 2122
652 1004 782 1069 membr.
800 1005 853 1069 iol.
874 1003 935 1067 124
957 1024 981 1069 e.
1002 1006 1041 1085 X,
1070 1003 1261 1068 Chatelainio
1287 1021 1361 1066 anc-

226 1111 291 1171 torc
316 1105 443 1190 (Notice
470 1129 529 1169 aur
552 1107 596 1171 lca
621 1108 817 1171 nnannacrita
839 1108 894 1171 das
911 1108 1035 1193 polein
1057 1107 1096 1171 dc
1118 1105 1150 1170 S.
1172 1105 1295 1169 Panlin
1321 1106 1361 1169 de

227 1210 318 1296 Nola,
344 1213 433 1277 Paris
459 1211 551 1294 1880,
575 1235 604 1296 p.
626 1213 681 1297 30)
705 1233 820 1297 magna
841 1232 915 1277 cura
938 1214 1070 1295 scriptus
1093 1212 1151 1277 sub
1175 1212 1269 1276 finem
1292 1229 1361 1275 sac-

227 1318 288 1381 culi
318 1318 400 1397 noni,
430 1319 483 1400 qui
511 1316 650 1381 Claudii
676 1316 816 1381 Pataani
844 1318 1039 1402 signaturam
1071 1335 1145 1400 prae
1175 1335 1208 1380 se
1239 1316 1300 1379 fort
1330 1319 1363 1378 ct

227 1427 319 1485 antea
347 1421 401 1485 Nr.
425 1421 510 1485 3789
541 1426 664 1487 notatus
696 1427 777 1503 erat,
810 1422 960 1504 epistulas
995 1421 1110 1484 multas
1146 1424 1179 1484 et
1212 1418 1363 1485 nonnulla

227 1525 350 1589 Paulini
372 1526 563 1609 Ausoniique
587 1528 724 1591 carmina
746 1527 893 1591 continet.

228 1656 249 1718 1.
270 1652 372 1717 1-88
395 1657 583 1740 praecedunt
605 1658 756 1740 epistulae
779 1656 810 1737 0,
828 1655 879 1735 24,
896 1654 938 1718 23
954 1655 998 1737 (in
1020 1655 1096 1718 duas
1117 1659 1221 1736 partos
1238 1653 1362 1736 diuisa),

294 1758 344 1839 11,
363 1758 391 1840 1,
408 1758 460 1841 22,
477 1759 529 1841 30,
546 1758 599 1840 28,
616 1759 668 1841 29,
685 1759 737 1840 31,
757 1759 806 1838 10,
824 1758 875 1839 20,
895 1757 944 1839 19,
963 1758 1013 1839 14,
1030 1757 1081 1837 ab,
1094 1758 1146 1837 36,
1161 1755 1210 1837 12,
1222 1755 1253 1837 9,
1266 1754 1295 1835 2,
1308 1754 1362 1836 21,

295 1862 345 1944 15,
362 1861 413 1944 37,
432 1863 482 1944 18,
500 1862 551 1944 38,
568 1862 620 1944 39,
636 1864 689 1945 44,
705 1862 758 1942 42,
775 1863 827 1943 33,
848 1862 887 1926 13
903 1862 989 1946 (pars
1013 1864 1109 1926 altera
1130 1863 1201 1925 inde
1221 1879 1239 1925 a
1258 1859 1362 1923 uerbis

292 1976 421 2030 montom
443 1978 598 2053 oporatur
620 1989 649 2051 p.
668 1966 720 2048 92,
738 1967 780 2051 1),
797 1967 849 2048 34,
861 1966 913 2047 43,
927 1965 978 2046 32,
993 1964 1042 2030 16.

230 2098 250 2161 f.
268 2096 327 2160 88⁰
354 2097 447 2160 Finit
473 2097 518 2160 ad
539 2098 670 2161 Ionium
691 2119 802 2183 prosa.
841 2095 964 2181 Incipit
991 2117 1121 2158 ansam
1143 2092 1362 2156 adeundam.

294 2201 364 2264 Iam
386 2201 469 2264 mibi
486 2201 645 2288 polliceor
667 2202 723 2284 (τ
746 2221 771 2265 c.
789 2199 844 2285 22)
868 2238 909 2246 —

229 2333 250 2397 1.
267 2331 310 2395 90
325 2331 478 2418 fratrent.
509 2332 587 2419 Lapa
600 2331 692 2418 felioc
706 2331 781 2394 Ioni
800 2331 837 2393 in
857 2328 985 2395 Christo
1005 2328 1226 2393 [candentiae
1246 2337 1361 2391 nostro.

294 2435 464 2522 incipiunt
486 2457 599 2500 ceraue
621 2435 761 2499 Ausonii
783 2435 827 2498 cd
849 2433 1037 2498 Paulinum.

295 2538 423 2613 Quarta
445 2538 506 2603 tibi
528 2540 607 2603 tuac
629 2539 685 2623 (=
708 2540 827 2605 Auson.
845 2540 878 2603 lt.
896 2537 938 2601 24
961 2538 1007 2602 ed.
1027 2537 1061 2602 0.
1077 2536 1226 2618 Schenkl)
1250 2573 1291 2580 -

231 2671 253 2733 1.
269 2668 329 2732 91“
353 2672 443 2736 cola
465 2669 613 2734 comenia.
652 2669 727 2732 Vale
750 2668 845 2732 Felice
867 2667 1073 2754 optatissima.

295 2773 400 2859 Incip.
424 2772 562 2837 Paulini
584 2773 628 2836 cd
650 2772 830 2836 Ausonium

296 2875 385 2950 Quid
406 2875 576 2940 abdicatus
600 2879 655 2961 (=
677 2896 702 2941 c.
723 2876 772 2958 10,
791 2874 951 2956 19-102)
973 2913 1016 2922 -

232 3010 253 3072 f.
270 3006 330 3070 911Ι
353 3008 444 3072 colb
470 3005 610 3071 &atara
632 3006 663 3070 oi
684 3006 800 3069 ninam
822 3016 859 3068 nt
883 3003 967 3069 libat.

297 3110 436 3174 Finierat
447 3109 585 3174 Paulini
597 3110 641 3173 ad
652 3110 841 3173 Antonium.
866 3109 970 3194 Incip.
981 3106 1106 3171 Ausoni
1119 3107 1163 3171 ad
1175 3104 1362 3171 Paulinam.

296 3214 450 3278 Proaima
472 3236 554 3299 qnae
575 3224 703 3277 nostrae
718 3213 837 3300 fuerat
860 3213 916 3296 (=
941 3213 1060 3277 Auscn.
1076 3213 1112 3278 Ε.
1130 3211 1185 3295 23)
1208 3248 1250 3256 -

234 3347 254 3409 1.
271 3343 330 3408 91“
354 3345 443 3410 colb
474 3343 605 3409 Primus
631 3343 667 3406 in
695 3343 850 3407 concidam
872 3342 930 3427 qni
952 3352 980 3405 tc
1004 3341 1138 3427 eollapia
1159 3340 1251 3405 dumi.
1291 3339 1365 3402 Vale

299 3448 393 3512 Folia
415 3448 622 3534 optatissima.

298 3552 441 3615 Ausonio
461 3550 633 3616 Paulinus.
672 3549 871 3615 Contirtnata
892 3571 979 3613 meaa
1003 3549 1125 3612 (innare
1141 3548 1198 3631 (τε
1213 3567 1239 3612 c.
1255 3547 1308 3631 ll)
1324 3584 1366 3594 —-

235 3684 256 3746 f.
273 3681 315 3745 92
338 3684 428 3748 colb
455 3680 594 3745 Peranna
615 3681 724 3744 uinum
745 3691 774 3744 et
796 3702 921 3745 mansor.

299 3786 378 3849 Itcm
400 3784 524 3849 Auooni
546 3785 592 3849 ad
610 3784 800 3849 Paulinum.

298 3889 503 3954 Discutimna
521 3889 662 3974 paulina
685 3889 797 3974 iopam
819 3888 876 3971 (=
898 3888 1016 3953 Auscn.
1033 3888 1068 3952 E.
1085 3887 1141 3970 25)
1165 3924 1206 3932 -

236 4022 256 4084 1.
274 4019 333 4083 92¹¹
350 4021 439 4085 colb
467 4017 636 4082 Credimus
656 4042 700 4081 an
719 4019 777 4102 qui
796 4028 907 4081 amant
927 4016 990 4080 siti
1012 4017 1079 4102 ipsi
1093 4016 1218 4079 comnia
1225 4015 1364 4101 jinpnnl.

301 4123 376 4186 Vale
398 4121 493 4185 Falioe
515 4121 721 4206 optatissima.

300 4224 443 4289 Ausonio
465 4224 638 4291 Paulinus.
