3036 4770
61 1959 90 1999 1⁵

525 288 670 358 epistula
688 288 734 351 XI,
754 306 775 342 c.
790 292 865 344 5-7.
1226 272 1269 338 65

123 466 166 529 de
194 465 305 546 quibus
334 466 478 530 similiter
505 483 568 530 una
595 466 779 546 adsumitur,
808 469 844 529 nt
865 463 1009 545 arbitror,
1037 483 1214 549 synagogae
1238 469 1269 529 et

125 570 278 634 ecclesiae
304 570 439 635 formam
466 574 590 654 gerunt,
622 571 694 652 quia
721 588 782 635 non
810 573 859 633 est
881 570 942 634 alia
964 588 1106 653 persona,
1135 571 1269 653 quaein

124 675 214 739 omni
242 692 400 739 sacrarum
428 675 606 739 litterarum
633 676 753 739 ratione
781 677 941 754 tractetur,
973 674 1033 738 nisi
1060 678 1115 738 aut
1142 674 1174 738 in
1200 674 1270 738 uni-

124 779 275 843 uersitate
302 779 425 863 generis
456 779 588 843 humani
610 778 804 843 credentium
826 777 1059 859 infideliumque
1082 779 1268 861 populorum

125 884 285 947 distinctio
308 887 364 947 ent
386 883 418 946 in
442 887 554 947 natura
577 884 678 948 omnis
702 883 835 946 hominis
857 883 1002 967 geminae
1030 886 1171 946 creatura
1194 882 1269 946 sub·

123 988 270 1052 stantiae.
302 991 333 1051 et
354 988 432 1067 ideo,
460 988 504 1051 mi
526 988 633 1067 frater,
661 988 735 1069 quie
757 1006 881 1070 sempor
903 986 992 1051 nobis
1016 987 1212 1052 cohaesimus
1234 987 1268 1051 in

124 1092 218 1155 corde
240 1108 311 1172 nno,
340 1092 420 1156 sicut
450 1110 533 1155 nunc
555 1093 756 1156 cohaeremus
779 1093 812 1155 in
835 1091 970 1172 Christo,
998 1095 1053 1155 aut
1075 1092 1192 1174 pariter
1214 1093 1269 1156 ad·

124 1196 247 1277 sumpti
270 1199 326 1260 aut
347 1197 463 1277 pariter
485 1197 585 1260 relicti
609 1215 728 1259 sumus.
767 1196 925 1278 adsumpti
947 1199 1053 1260 autern
1077 1213 1139 1260 non
1162 1201 1268 1260 nostro

124 1301 238 1364 merito
259 1299 313 1364 sed
332 1301 434 1384 gratia
454 1300 513 1381 dei,
534 1301 621 1364 cuius
642 1300 736 1364 dona
756 1304 792 1364 et
811 1300 1029 1364 uocationes
1050 1301 1129 1363 sine
1144 1300 1268 1382 paeni·

125 1407 248 1470 tentia
271 1408 371 1485 sunt,
395 1423 495 1487 neque
519 1423 555 1468 er
576 1422 704 1485 operum
719 1405 936 1487 praerogatiua
958 1404 1013 1468 sed
1037 1422 1072 1491 er
1093 1403 1152 1467 fide
1168 1405 1268 1469 bonae

123 1509 308 1589 uoluntatis,
338 1527 400 1591 qua
426 1509 543 1592 pariter
569 1509 601 1573 in
630 1509 794 1573 caritatem
822 1510 887 1573 eius
915 1509 1054 1589 animati,
1085 1513 1209 1575 niuno
1237 1514 1269 1575 et

123 1618 234 1679 tenore
261 1615 411 1696 propositi
439 1617 469 1677 et
497 1617 635 1696 tempore
663 1614 872 1678 conuersionis
897 1618 1021 1678 nostrae
1044 1616 1198 1697 apperuit,
1227 1615 1269 1680 si-

123 1718 193 1781 mni
220 1722 342 1801 oportet
368 1718 538 1801 gloriemur
565 1722 597 1782 et
624 1719 799 1783 exultemus
827 1719 858 1783 in
886 1737 931 1799 eo,
960 1719 1011 1801 qui
1040 1718 1190 1783 iustificat
1219 1720 1268 1783 in-

120 1823 213 1904 pium
236 1842 292 1906 per
314 1822 407 1886 fidem
428 1826 459 1887 et
481 1823 544 1886 det
567 1841 688 1887 escam
712 1824 810 1887 omni
833 1825 949 1903 carni,
973 1841 1077 1887 escam
1093 1840 1154 1887 non
1174 1825 1267 1887 ist-am

123 1944 207 2008 quae
223 1928 312 2009 perit,
329 1926 383 1991 sed
399 1927 484 1991 illam
502 1946 581 2009 quae
597 1927 757 1992 conficitur
772 1929 803 1991 in
821 1932 983 1993 aeternum
995 1928 1125 2007 uictum,
1142 1928 1267 2009 qualern

122 2031 177 2095 uel
205 2032 308 2095 anima
335 2032 367 2095 in
395 2032 445 2095 dei
472 2031 565 2096 rebus
593 2051 724 2115 operosa
750 2035 800 2097 uel
824 2033 975 2097 catholica
998 2032 1130 2096 ecclesia
1152 2033 1265 2114 coquit.

122 2153 237 2218 corpus
261 2140 309 2200 est
332 2137 416 2200 enirn
439 2138 505 2200 ueri
527 2137 635 2220 panis
660 2138 721 2218 qui
745 2139 786 2201 de
810 2137 911 2201 caelo
935 2137 1130 2202 descondit
1156 2141 1188 2200 et
1214 2137 1268 2201 dat

123 2258 230 2304 escam
258 2241 472 2305 uiuificantem
503 2242 710 2306 esurientibus
742 2242 904 2306 iustitiam.
939 2258 1001 2306 non
1030 2243 1113 2306 enim
1141 2259 1267 2306 carnem

122 2344 226 2423 farcit,
254 2345 308 2409 sed
337 2364 388 2409 cor
411 2346 547 2410 hominis
571 2346 684 2410 firmat.
713 2347 763 2410 hic
785 2346 874 2428 panis
898 2350 929 2409 et
951 2346 1021 2410 fons
1045 2351 1102 2427 est,
1130 2347 1182 2428 qui
1206 2364 1266 2429 quo

64 2480 95 2519 ω
123 2450 261 2530 amplius
284 2450 394 2530 editur,
418 2451 488 2532 plus
513 2451 647 2515 esuritur
670 2454 700 2514 et
724 2467 784 2532 quo
800 2450 900 2534 magis
916 2449 1043 2530 bibitur,
1067 2451 1137 2532 plus
1153 2450 1265 2514 sititur.

122 2553 209 2616 hunc
231 2571 345 2635 panem
368 2558 404 2617 ut
427 2555 555 2618 edamus
578 2556 609 2618 in
634 2560 806 2635 aeternum,
831 2554 985 2618 molamus
999 2554 1032 2617 in
1047 2554 1139 2618 huius
1157 2554 1266 2618 mundi

122 2656 256 2739 pistrino
280 2658 418 2722 triticum
442 2659 571 2739 bonurn,
595 2660 676 2741 quod
699 2663 748 2723 est
770 2658 983 2723 oboedientiae
1006 2658 1105 2722 fidelis
1128 2659 1266 2741 operatio

124 2765 158 2825 et
180 2762 318 2826 caritas
341 2764 377 2827 in
401 2765 509 2828 corde
531 2782 623 2846 puro
646 2769 683 2828 et
705 2764 780 2827 fide
804 2781 873 2828 non
896 2764 998 2827 ficta.

169 2863 198 2928 Ἰ.
224 2864 292 2946 Qua
312 2869 413 2951 gratia
438 2872 470 2933 ct
491 2869 607 2933 uirtute
630 2887 701 2932 cum
724 2869 836 2950 plenus
859 2869 913 2948 sis,
937 2866 1052 2931 bonam
1070 2868 1126 2932 deo
1142 2868 1265 2951 frugem

65 2999 94 3038 es
124 2970 217 3033 molis
241 2974 332 3053 teque
355 2973 459 3054 ipsum
481 2974 513 3036 in
533 2973 650 3055 azymis
667 2973 852 3036 sinceritatis
870 2976 901 3036 et
916 2972 1059 3036 ueritatis
1075 2972 1265 3055 epulandum

124 3075 183 3138 deo
212 3075 347 3156 exhibes,
375 3078 461 3139 cuius
490 3095 560 3140 esca
591 3082 639 3141 est
662 3077 800 3158 quisquis
824 3077 1023 3140 uoluntatum
1047 3076 1113 3140 eius
1137 3069 1265 3140 effectus

123 3180 159 3242 in
198 3181 332 3262 corporis
372 3181 470 3263 ipsius
509 3181 651 3245 membra
692 3181 884 3245 conuertitur
918 3182 1041 3244 dicente
1079 3181 1156 3264 ipso,
1195 3181 1267 3262 quic

230 3370 258 3438 o]
278 3370 463 3434 nominee.
528 3371 571 3439 n]
591 3371 634 3425 Pe.
650 3372 707 3435 135,
719 3373 762 3426 25.
829 3371 872 3439 ιτ]
892 3370 1042 3433 10n.o,33.
1107 3369 1153 3438 ao]
1174 3368 1264 3436 (uecn.

125 3457 232 3523 auam.
286 3458 331 3525 23]
351 3456 365 3509 1
384 3456 452 3510 Tim.
468 3460 489 3521 1,
503 3460 526 3513 5.

171 3633 264 3685 luna
286 3629 409 3683 similiter
432 3631 517 3686 FPU
583 3629 676 3698 3aut]
696 3633 786 3683 autem
809 3633 835 3687 U
901 3629 929 3682 in
947 3629 974 3683 L
991 3647 1012 3684 s.
1026 3631 1042 3684 1.
1115 3628 1265 3683 5hominis

125 3718 212 3771 omnis
235 3720 261 3774 U
320 3720 438 3771 creature
457 3718 542 3772 FPU
598 3716 709 3771 6nobis
728 3735 809 3771 omo
870 3715 1048 3784 9pinitentio
1071 3717 1097 3771 U
1154 3718 1183 3771 ll
1204 3716 1266 3783 quic.

125 3805 190 3859 ΕΜ
257 3806 289 3860 12
307 3804 561 3859 conuersationisO
632 3805 664 3858 14
686 3805 733 3857 alt.
753 3819 840 3856 escam
859 3803 987 3857 om.LM
1056 3805 1087 3857 16
1110 3802 1221 3869 quoquit
1243 3804 1269 3857 U

127 3895 158 3946 17
178 3891 330 3959 de]ePU
399 3894 430 3946 19
449 3895 476 3943 et
495 3891 571 3958 panis
590 3892 616 3943 ct
635 3891 673 3944 M
732 3889 965 3958 quoplusFPU
1032 3891 1063 3945 21
1085 3890 1126 3957 ut]
1146 3891 1173 3941 et
1191 3890 1269 3943 utF

125 3978 216 4032 mendi
236 3980 292 4034 PU
349 3981 382 4032 22
402 3978 514 4045 pristino
533 3978 563 4030 Γ
620 3979 654 4031 23
672 3993 739 4045 puro
758 3995 782 4043 o,
800 3995 884 4032 orno
947 3978 980 4031 24
999 3977 1084 4044 gratie
1102 3976 1186 4031 FPU
1239 3980 1267 4029 ct

124 4083 176 4121 om.
190 4065 221 4119 F
222 4068 248 4121 U
296 4067 330 4120 25
343 4064 434 4133 teque]
448 4068 526 4132 atque
544 4066 570 4119 U
620 4064 711 4117 azimis
730 4083 750 4115 ω
804 4063 963 4133 epolandum
980 4066 1007 4119 U
1056 4066 1089 4118 26
1108 4063 1156 4116 deo
1168 4065 1270 4118 onnM

126 4151 292 4205 uoluntatem
316 4152 396 4207 FMo
466 4151 577 4203 effectu*
603 4152 625 4219 (s
650 4151 729 4219 eras.)
752 4153 793 4219 M,
816 4150 968 4205 efficiensv
1037 4153 1070 4205 27
1089 4150 1222 4204 conuertit
1239 4151 1266 4204 L

126 4238 196 4306 ipso]
216 4239 279 4306 apio
297 4239 361 4292 ΕΜ

177 4332 282 4374 ΧΧῊΙΙΙ.
299 4332 382 4397 i‘aulirri
397 4333 445 4374 Nol.
456 4332 569 4384 epistulae.
1095 4329 1110 4375 i)
