3036 4770
224 292 286 356 184
554 310 580 364 S.
594 310 725 364 Paulini
743 311 863 365 Nolani
882 312 1028 381 episcopi

262 483 313 548 21.
339 484 468 550 Summa
489 486 585 569 igitur
608 504 664 568 ope
689 487 846 551 enitamur
868 488 913 551 ita
934 505 990 552 nos
1006 506 1185 571 conparare,
1208 493 1244 552 ut
1258 489 1357 553 diuini

219 591 338 674 capitis,
369 591 450 672 quod
480 591 569 655 nobis
600 610 655 674 per
684 593 819 674 gratiam
852 593 901 656 dei
931 592 1073 658 Christus
1105 597 1162 674 eat,
1193 594 1296 658 crines
1328 599 1359 658 et

219 714 329 760 aurum
353 714 421 759 esse
445 713 630 760 mereamur.
656 716 692 760 er
716 696 783 778 ipso
807 698 888 761 enim
912 698 1013 780 capite
1032 699 1167 780 pullulat
1183 699 1237 762 illa
1252 717 1358 762 caesa·

217 802 289 881 ries,
313 801 351 864 de
374 819 436 882 qua
458 801 610 883 scriptum
634 804 695 864 est:
728 802 954 884 capillatura
981 801 1060 866 eius
1084 806 1124 866 ut
1146 821 1279 885 greges
1303 821 1358 866 ca·

217 925 375 988 prarum.
399 908 431 968 et
452 904 532 969 bene
555 905 680 969 illorum
701 906 901 987 potissimum
925 907 1107 971 animahum
1130 908 1255 971 nomine
1275 907 1358 971 desi·
1396 935 1409 973 a

217 1019 353 1094 guantur
368 1029 479 1094 greges
496 1009 621 1088 Christi,
645 1028 777 1091 quorum
798 1010 932 1074 maxime
955 1029 1030 1075 usus
1054 1012 1085 1075 in
1107 1011 1188 1074 lacte
1210 1015 1267 1090 est,
1284 1012 1358 1092 quia

216 1116 318 1179 omnis
342 1116 396 1196 qui
417 1115 515 1178 credit
537 1115 629 1178 deum
651 1112 811 1179 Christum
835 1118 934 1180 totam
958 1115 1357 1197 trinitatisplenitudinem

216 1221 248 1283 in
275 1238 321 1300 eo,
350 1238 442 1300 quem
470 1223 558 1302 pater
586 1219 691 1284 unxit
718 1219 854 1302 spiritu
882 1223 1025 1298 sancto,
1054 1218 1113 1283 fide
1141 1220 1264 1302 pietatis
1289 1238 1357 1283 am-

215 1324 371 1407 plectitur.
408 1327 439 1387 et
461 1324 529 1387 ideo
557 1325 624 1406 ipsa
654 1327 771 1387 mater
799 1325 959 1388 omnium
987 1324 1209 1403 uiuentium,
1241 1323 1357 1388 Christi

216 1446 327 1510 corpus
351 1428 493 1506 ecclesia,
524 1445 599 1490 suco
621 1428 745 1509 pietatis
769 1428 926 1507 exuberat,
955 1433 986 1491 et
1012 1428 1107 1493 bona
1131 1428 1247 1492 ubera
1275 1428 1356 1492 eius
1384 1457 1409 1494 ιο

216 1551 325 1613 super
350 1533 484 1596 uinum.
510 1533 542 1595 in
565 1550 626 1613 quo
648 1532 756 1614 opinor
772 1531 952 1615 significari,
975 1533 1057 1613 quod
1073 1533 1190 1597 dulcior
1206 1533 1247 1596 sit
1262 1533 1357 1597 liber·

215 1641 264 1700 tas
288 1637 406 1719 gratiae
433 1637 466 1700 in
493 1637 572 1700 lacte
600 1637 827 1701 misericordiae
850 1655 944 1718 quam
968 1637 998 1699 in
1022 1637 1095 1700 uino
1118 1637 1254 1700 iustitiae
1277 1637 1356 1720 legis

215 1742 390 1804 austeritas.
436 1741 569 1805 littera
603 1741 714 1819 enim,
749 1741 863 1822 inquil,
898 1741 1049 1821 occidit,
1084 1741 1170 1804 uides
1204 1759 1357 1805 censurae

215 1864 351 1917 merum;
375 1845 534 1927 spiritus
558 1849 679 1908 autem
702 1846 891 1925 uiuificat,
919 1845 1006 1908 uides
1030 1845 1161 1909 uberum
1185 1863 1300 1908 munus
1325 1850 1358 1910 et

215 1950 304 2014 lactis
332 1949 488 2013 effectum.
524 1950 578 2013 sed
606 1950 673 2029 hoo,
702 1952 737 2012 ut
761 1953 794 2012 tu
818 1951 917 2013 mauis
940 1949 1089 2032 intellegi,
1118 1949 1229 2012 semini
1253 1949 1356 2029 detur,
1385 1977 1408 2015 rs

215 2073 273 2136 quo
300 2055 403 2136 prima
429 2055 623 2118 nascentium
652 2054 768 2117 multra
795 2055 948 2117 coalescit.
983 2053 1078 2117 bona
1104 2053 1199 2136 igitur
1225 2053 1356 2134 ubera,

215 2175 293 2240 quae
310 2163 437 2240 pastor
453 2158 584 2238 bonus,
608 2159 668 2240 qui
688 2177 752 2241 pro
769 2158 900 2222 ouibus
918 2159 1076 2221 animam
1093 2176 1196 2221 suam
1212 2159 1355 2240 posuit,

214 2263 276 2326 illis
304 2263 446 2327 inmulsit
472 2262 655 2342 infantibuS,
684 2263 721 2325 de
748 2280 879 2343 quorum
907 2281 958 2326 ore
982 2263 1113 2344 perfecit
1133 2263 1259 2326 laudem
1284 2263 1355 2343 sihi,

215 2368 447 2431 uttdestrueret
469 2368 631 2431 inimicum
655 2366 783 2430 boniet
806 2367 999 2431 defensorem
1024 2367 1108 2430 mali.

256 2470 308 2535 28.
333 2472 377 2536 Er
405 2473 514 2536 harum
543 2490 706 2554 caprarum
734 2470 881 2554 gregibus
913 2475 980 2534 erat
1004 2471 1056 2534 ille
1083 2469 1132 2533 uir
1158 2470 1272 2554 gregis,
1300 2472 1355 2552 qui
1382 2497 1408 2536 so

214 2578 360 2658 paruulos
385 2576 501 2641 Christi
527 2576 665 2640 nondum
696 2580 785 2658 aptos
813 2575 951 2640 solidiori
977 2575 1046 2639 cibo
1072 2575 1189 2638 teneris
1216 2574 1355 2639 lactabat

214 2681 382 2760 alimentis,
398 2681 512 2761 quibus
529 2679 665 2744 dicebat:
688 2681 784 2743 lacte
807 2697 872 2743 uos
891 2679 1034 2761 potani,
1059 2697 1129 2744 non
1145 2696 1243 2749 esca3
1267 2695 1355 2742 non-

213 2786 297 2848 dum
321 2785 416 2849 enim
439 2785 636 2866 poteratiS,
660 2784 722 2847 sed
746 2803 811 2847 nec
831 2784 948 2847 adhuc
964 2783 1131 2864 potestis.
1157 2786 1355 2847 cumautem

213 2889 305 2953 huius
332 2889 421 2953 lactis
449 2889 595 2952 alimonia
622 2889 823 2967 creuerimus,
855 2887 985 2951 firmatis
1015 2887 1153 2968 primum
1179 2885 1250 2950 fidei
1279 2904 1354 2950 con-

213 2995 354 3076 ceptione
377 2994 517 3077 uestigiis
542 2994 755 3057 adolescemus
778 2993 808 3054 in
830 2991 924 3055 robur
940 2991 1098 3071 iuuentae,
1122 2994 1152 3054 et
1168 2990 1353 3055 confirmata
1380 3017 1405 3056 aa

213 3097 383 3180 perfidem
407 3100 631 3178 caritatemque
654 3097 806 3179 patientia
828 3096 1003 3159 leuabimus
1027 3112 1139 3158 manus
1166 3099 1290 3158 nostras
1319 3096 1352 3158 in

213 3203 366 3266 actionem
390 3203 597 3267 robustiorem
620 3202 824 3282 operibusque
850 3201 1002 3263 uirtutum
1026 3199 1114 3262 uelut
1135 3198 1204 3263 cibo
1227 3199 1352 3263 fortiore

318 3392 346 3460 2]
365 3391 546 3461 (Eph.1,22).
626 3391 654 3459 4]
674 3390 749 3445 Cant.
764 3392 788 3454 4,
803 3393 826 3444 l.
906 3389 933 3458 6]
953 3390 1042 3457 (Prou.
1060 3392 1101 3454 27,
1115 3391 1166 3457 27).
1242 3390 1271 3459 8]
1291 3389 1351 3443 tet.

213 3481 252 3540 10,
266 3480 308 3535 38.
380 3480 407 3547 9]
427 3478 584 3540 denam.
650 3477 692 3545 ld]
713 3475 788 3530 Cant.
805 3481 827 3539 l,
842 3480 864 3531 1.
930 3478 972 3545 13]
992 3476 1021 3529 II
1040 3475 1098 3531 Cor.
1112 3479 1136 3541 3,
1150 3479 1173 3530 6.
1239 3476 1351 3545 16]10b

213 3569 253 3630 10,
268 3569 308 3620 10.
364 3564 592 3634 17]10h.10,11.
648 3564 692 3632 19]
711 3565 764 3632 (Ps.
778 3567 803 3628 8,
817 3565 851 3631 3).
905 3563 1061 3632 rancor.
1076 3565 1100 3627 3,
1114 3566 1137 3618 2.

256 3740 408 3795 luitamur
426 3740 490 3793 LM
540 3736 630 3807 5th
648 3739 673 3791 L
728 3737 876 3791 lcredidit
896 3737 981 3792 FPU
1030 3737 1181 3792 SuasitU
1232 3742 1264 3792 10
1283 3736 1350 3792 bene

210 3829 250 3893 M,
273 3825 331 3896 bfi'fg
353 3828 379 3880 L
452 3830 483 3880 15
511 3825 556 3878 sed
584 3825 795 3877 hoc-coalescit
821 3844 871 3879 ona
896 3826 932 3877 M
999 3824 1083 3876 mauis
1116 3827 1165 3890 Co,
1194 3825 1280 3891 magis
1304 3832 1349 3879 cet.

209 3913 328 3982 intellegi
356 3929 446 3967 semen
474 3913 552 3966 detur
578 3913 628 3979 022,
656 3911 789 3979 intellegis
816 3911 973 3964 emendetur
999 3919 1060 3977 cet.,·
1085 3911 1180 3964 semini
1206 3912 1350 3966 emendari

211 4003 243 4055 16
262 4002 306 4068 qui
330 4000 367 4056 0¹
433 3999 528 4053 multia
551 4001 582 4066 U,
600 3998 716 4052 mulctra
734 4000 770 4052 M
832 4000 863 4053 21
883 3997 1024 4066 paruuqlos
1048 3997 1084 4053 0¹
1154 3996 1276 4051 nundum
1297 3998 1354 4053 PU

209 4093 233 4140 et
251 4089 328 4155 infru
380 4090 413 4142 25
433 4087 608 4140 adolescimus
627 4086 715 4153 FPU,
735 4083 912 4137 adolescimus
936 4086 958 4139 0
1012 4083 1138 4139 ruhurO
1191 4083 1351 4138 confirmata

213 4173 263 4240 Ov,
286 4174 395 4228 firmata
412 4181 456 4229 cet.
529 4177 563 4228 26
582 4174 772 4239 caritatemque
795 4174 845 4238 Cn,
869 4171 979 4225 caritate
998 4175 1076 4239 atque
1099 4178 1143 4226 cet.
1215 4174 1248 4226 27
1268 4171 1349 4224 rubu-

208 4260 315 4313 stiorem
340 4262 362 4315 0
