3052 4784
592 328 737 399 epistula
754 328 827 383 XXV
832 329 853 392 *,
872 345 893 383 o.
915 333 990 386 1-2.
1297 311 1357 378 231
1438 375 1441 380 .

266 504 296 570 2.
320 507 462 572 Refunde
485 525 558 589 ergo
578 505 703 571 Caesari
726 523 806 587 qnae
828 511 902 569 sunt
917 504 1070 584 Caesarie,
1093 509 1130 569 ut
1152 505 1281 586 incipias
1305 507 1362 571 deo

223 612 351 675 reddere
374 630 454 693 quae
477 611 526 674 dei
547 613 630 675 sunt.
662 609 711 674 dic
731 610 964 691 enim„quaeso
984 614 1024 689 te,
1050 612 1144 674 frater
1167 629 1265 690 meus,
1289 612 1362 692 quid

222 719 387 798 expectas?
410 717 442 780 in
465 733 560 797 quam
583 733 672 796 spem
696 714 856 778 meliorem
879 714 1045 779 consilium
1065 719 1155 779 tuum
1178 718 1306 778 seruas?
1329 718 1360 779 in

221 838 299 903 qnos
323 821 387 884 dies
410 820 528 884 bonnm
551 824 640 883 tuum
662 820 832 902 prorogas?
858 837 952 900 quam
976 819 1103 902 longam
1127 818 1183 883 tibi
1205 819 1361 901 promittis

181 953 194 993 s
223 928 380 990 aetatem?
408 925 518 1007 quodsi
545 929 648 988 cert-us
677 942 762 987 esses
792 927 916 986 tantum
939 928 970 986 te
993 923 1094 987 adhuc
1123 924 1232 988 adesse
1263 925 1362 987 uictu-

221 1048 302 1110 rum,
325 1033 478 1111 quantum
502 1029 617 1107 uixisti,
641 1032 782 1092 attamen
801 1028 839 1090 de
861 1027 1024 1092 uelocitate
1044 1028 1193 1110 temporis
1216 1028 1360 1111 colligere
1393 1089 1396 1096 .

221 1134 351 1198 deberes
381 1134 448 1216 pari
474 1133 631 1197 celeritate
659 1132 817 1196 residuum
844 1131 914 1196 aeui
941 1117 987 1194 tui
1014 1136 1137 1214 tempus
1165 1151 1234 1197 esse
1256 1133 1361 1215 lapen-

220 1257 291 1302 mm
318 1242 443 1320 etpost
469 1237 560 1301 istius
588 1238 671 1300 uitae
695 1235 916 1300 breuissimum
944 1237 1080 1318 spatium
1104 1241 1135 1300 ot
1156 1236 1361 1301 laboriosissi-

221 1360 308 1406 mum
342 1359 469 1405 cursum
504 1358 685 1405 successura
718 1341 856 1420 saecula,
893 1340 925 1404 in
959 1340 1072 1422 quibus
1110 1344 1164 1404 aut
1198 1341 1265 1405 sine
1299 1340 1361 1405 fine

168 1475 194 1515 ro
220 1446 392 1510 uiuendum
422 1451 477 1508 aut
508 1445 574 1508 sine
606 1444 667 1508 fine
698 1444 893 1508 moriendum
924 1450 980 1507 est.
1020 1462 1147 1508 neeesse
1177 1450 1225 1508 est
1255 1448 1361 1509 autern

219 1551 308 1615 istins
339 1551 455 1614 saeculi
485 1554 641 1615 amatores
671 1549 754 1613 iliius
785 1549 901 1612 saeculi
929 1550 1033 1613 exules
1062 1548 1138 1628 fieri,
1168 1551 1249 1631 quia,
1280 1550 1360 1615 sicut

220 1655 371 1738 scriptum
402 1659 451 1719 est
480 1654 639 1717 neminem
672 1637 792 1717 duobus
822 1653 957 1717 dominis
987 1671 1079 1736 posse
1111 1655 1228 1718 seruire
1261 1673 1359 1736 neque

219 1760 317 1823 uliam
347 1758 599 1823 communionem
627 1777 695 1822 esse
723 1757 845 1822 Christo
874 1762 905 1822 et
931 1775 1140 1836 mammonae,
1171 1759 1216 1821 ita
1238 1762 1359 1823 certum

219 1868 352 1928 estnon
374 1882 465 1945 posse
489 1881 561 1926 enm
585 1863 680 1926 futuri
707 1862 823 1926 saeculi
847 1862 929 1926 bona
951 1852 1072 1945 capere,
1102 1864 1154 1944 qui
1177 1863 1267 1926 istius
1291 1881 1359 1928 sae-

168 1995 192 2033 re
219 1969 280 2032 culi
299 1968 485 2050 temporalia
506 1974 538 2031 et
560 1968 677 2031 caduca
696 1968 843 2031 dilexerit.
868 1967 978 2048 quodsi
1001 1967 1077 2031 mibi
1099 1985 1161 2031 non
1182 1967 1358 2047 credideris,

218 2075 308 2138 crede
335 2073 509 2156 euangelio,
539 2073 571 2137 in
594 2091 653 2153 quo
681 2072 739 2135 sub
762 2071 936 2151 Abraham,
966 2073 1063 2153 patris
1085 2073 1194 2151 nostri,
1225 2089 1360 2154 persona

219 2179 362 2242 dominus
396 2177 532 2242 ostendit
563 2177 793 2241 uicissitudines
824 2176 975 2257 quasdam
1008 2176 1073 2240 dari
1104 2176 1283 2241 honrinibns
1314 2177 1359 2241 ita

218 2283 387 2362 ordinatas,
417 2286 453 2346 ut
480 2281 592 2363 quibus
623 2283 655 2345 in
683 2282 741 2346 hoc
772 2282 896 2345 saeculo
923 2279 1083 2345 tribulatio
1113 2281 1207 2345 fuerit
1236 2281 1281 2345 ibi
1309 2300 1358 2346 re·

218 2387 310 2450 sectio
341 2391 554 2468 praeparetur,
589 2385 701 2467 quibus
736 2404 808 2449 uero
842 2385 912 2448 istic
945 2385 1136 2453 abundantia
1165 2385 1360 2451 infructuosa

144 2516 189 2554 >ro
215 2490 318 2569 fuerit,
342 2490 390 2554 his
413 2491 444 2554 in
467 2491 588 2554 inferno
611 2509 782 2572 poenarum
806 2490 892 2554 diues
915 2491 1019 2571 inopia
1040 2490 1236 2570 rependatur.
1272 2491 1358 2554 deni·

215 2613 277 2676 qne
299 2594 388 2658 dines
411 2595 463 2658 ille
486 2594 686 2674 inhumanus,
710 2596 761 2675 qui
785 2595 915 2677 pauperi
936 2612 1049 2676 pareus
1073 2599 1104 2658 et
1127 2593 1188 2658 eibi
1208 2595 1357 2677 prodigus

215 2701 328 2779 iuerat,
356 2699 432 2762 dum
454 2700 485 2762 in
509 2700 566 2763 hoc
588 2700 713 2763 saeculo
737 2699 868 2778 uiueret,
895 2704 1003 2780 postea
1030 2705 1171 2764 mortuus
1195 2701 1287 2765 etad
1310 2701 1358 2764 in-

215 2804 339 2867 fernum
363 2807 470 2885 raptus
494 2808 586 2885 atque
609 2804 672 2867 illic
695 2805 726 2866 in
749 2804 893 2886 gehenna
915 2804 1076 2868 demersus
1092 2803 1244 2868 Lanarum
1268 2823 1357 2869 men·

216 2908 320 2972 dicum
348 2909 442 2990 longo
464 2908 629 2972 interuallo
652 2909 744 2981 nidit;
776 2926 833 2972 nec
859 2908 923 2971 iam
951 2908 1080 2989 spernit,
1109 2909 1165 2973 sed
1186 2909 1357 2973 admiratur

165 3036 189 3075 re
215 3013 281 3095 ipse
301 3031 396 3096 egens
415 3013 499 3076 uitae
519 3013 609 3076 illum
630 3013 758 3076 diuitem
778 3012 893 3095 gaudii,
914 3031 1008 3093 quem
1027 3011 1058 3076 in
1079 3012 1203 3077 saeculo
1224 3013 1357 3078 eiectum

215 3120 376 3199 spreuerat
407 3120 438 3181 et
468 3119 654 3181 esurientem
683 3136 744 3182 non
772 3117 941 3196 cibauera-t,
971 3118 1147 3181 ulcerosum
1179 3135 1240 3181 non
1267 3136 1357 3182 oura-

217 3226 304 3284 uerat
332 3225 362 3284 et
389 3221 519 3285 canibus
547 3222 678 3285 uulnera
705 3222 770 3285 eius
798 3221 1008 3285 lambentibus
1032 3221 1125 3285 homo
1149 3222 1267 3286 homini
1294 3240 1356 3287 non

190 3325 317 3398 ,inerat
346 3325 503 3404 misertus,
534 3329 570 3389 ut
597 3325 729 3390 deterior
758 3345 825 3389 esse
853 3325 982 3388 canibus
1016 3327 1230 3390 ostenderetur
1258 3327 1355 3406 diueS,

215 3429 265 3493 cni
295 3428 500 3493 humanitatis
535 3430 692 3493 adfectum
726 3429 828 3493 rabies
864 3430 1014 3493 auaritiae
1046 3431 1233 3495 sustulisset.
1273 3432 1357 3495 hunc

165 3558 188 3598 eo
215 3551 288 3615 ergo
315 3551 494 3616 pauperem,
525 3552 619 3615 quem
646 3534 677 3597 in
704 3534 762 3598 hoc
791 3535 915 3598 saeculo
944 3535 1093 3597 miserum
1124 3539 1155 3598 et
1182 3535 1355 3617 supplicem

215 3637 301 3700 dines
330 3637 430 3720 epulis
459 3642 490 3700 et
518 3640 605 3701 ueste
633 3639 729 3721 regali
758 3637 910 3720 superbus
939 3639 1110 3718 horruerat,
1137 3644 1246 3720 postea
1272 3640 1354 3722 apud

319 3833 345 3902 1]
364 3834 590 3902 maroneam).
647 3836 690 3904 12]
710 3836 815 3901 maten.
830 3839 853 3899 e,
867 3838 913 3899 ab
931 3836 959 3888 11
973 3835 1032 3892 dor.
1046 3840 1069 3901 e,
1086 3840 1135 3904 re).

256 4022 272 4072 ὃ
292 4015 382 4069 adesse
401 4035 435 4085 m,
455 4033 511 4070 esse
533 4017 612 4085 casp.
667 4021 683 4074 6
702 4022 822 4072 attamen
839 4022 946 4089 scripsi,
965 4024 991 4072 et
1009 4023 1098 4073 tamen
1118 4040 1144 4075 m
1198 4021 1313 4074 uocitate
1326 4041 1353 4076 or

213 4102 307 4156 collare
326 4102 429 4155 deberis
448 4122 474 4156 or
536 4103 784 4159 Slaboriosismum
804 4125 830 4160 or
894 4109 924 4161 12
943 4106 1048 4159 nemine
1067 4125 1093 4161 na
1155 4106 1307 4160 dominibus
1326 4126 1353 4162 m

216 4193 246 4244 15
265 4189 408 4242 credideris
426 4192 533 4260 scripsi,
552 4184 720 4259 crederism,
738 4192 823 4245 credie
844 4193 924 4260 carp.
982 4196 1011 4247 17
1030 4193 1184 4247 hominibus
1202 4211 1253 4248 om.
1271 4194 1350 4263 Oasp.

214 4278 246 4331 19
264 4275 448 4329 habundantia
466 4296 492 4331 m
544 4280 578 4332 23
597 4276 728 4331 dimersus
747 4298 773 4332 m
