<?xml version="1.0" encoding="UTF-8"?>
<!DOCTYPE html PUBLIC "-//W3C//DTD XHTML 1.0 Transitional//EN"
    "http://www.w3.org/TR/xhtml1/DTD/xhtml1-transitional.dtd">
<html xmlns="http://www.w3.org/1999/xhtml" xml:lang="en" lang="en">
 <head>
  <title>
</title>
<meta http-equiv="Content-Type" content="text/html;charset=utf-8" />
  <meta name='ocr-system' content='tesseract 3.04.00' />
  <meta name='ocr-capabilities' content='ocr_page ocr_carea ocr_par ocr_line ocrx_word'/>
</head>
<body>
  <div class='ocr_page' id='page_1' title='image "./sanctipontiimer00hartgoog_0260.png"; bbox 0 0 3036 4770; ppageno 0'>
   <div class='ocr_carea' id='block_1_1' title="bbox 566 332 1322 422">
    <p class='ocr_par' dir='ltr' id='par_1_1' title="bbox 566 332 1322 422">
     <span class='ocr_line' id='line_1_1' title="bbox 566 332 1322 422; baseline 0.003 -16"><span class='ocrx_word' id='word_1_1' title='bbox 566 352 710 422; x_wconf 76' lang='lat' dir='ltr'><strong>epistula</strong></span> <span class='ocrx_word' id='word_1_2' title='bbox 727 353 808 416; x_wconf 83' lang='lat' dir='ltr'>XXV,</span> <span class='ocrx_word' id='word_1_3' title='bbox 827 369 849 407; x_wconf 92' lang='grc'>2.</span> <span class='ocrx_word' id='word_1_4' title='bbox 861 355 938 408; x_wconf 81' lang='grc'><strong>4-7.</strong></span> <span class='ocrx_word' id='word_1_5' title='bbox 1259 332 1322 397; x_wconf 68' lang='lat'>227</span> 
     </span>
    </p>
   </div>
   <div class='ocr_carea' id='block_1_2' title="bbox 85 527 1369 2379">
    <p class='ocr_par' dir='ltr' id='par_1_2' title="bbox 85 527 1369 2379">
     <span class='ocr_line' id='line_1_2' title="bbox 186 527 1324 610; baseline -0.003 -17"><span class='ocrx_word' id='word_1_6' title='bbox 186 530 344 593; x_wconf 86' lang='lat' dir='ltr'>neminem</span> <span class='ocrx_word' id='word_1_7' title='bbox 371 529 518 607; x_wconf 78' lang='lat' dir='ltr'><strong>concutit,</strong></span> <span class='ocrx_word' id='word_1_8' title='bbox 549 528 665 592; x_wconf 88' lang='lat' dir='ltr'>nuliius</span> <span class='ocrx_word' id='word_1_9' title='bbox 689 529 802 593; x_wconf 91' lang='lat' dir='ltr'>damno</span> <span class='ocrx_word' id='word_1_10' title='bbox 829 529 1043 593; x_wconf 90' lang='lat' dir='ltr'>committitur.</span> <span class='ocrx_word' id='word_1_11' title='bbox 1082 528 1115 591; x_wconf 93' lang='lat' dir='ltr'>in</span> <span class='ocrx_word' id='word_1_12' title='bbox 1138 528 1220 591; x_wconf 90' lang='lat' dir='ltr'>hanc</span> <span class='ocrx_word' id='word_1_13' title='bbox 1242 527 1324 610; x_wconf 86' lang='lat' dir='ltr'>rapi·</span> 
     </span>
     <span class='ocr_line' id='line_1_3' title="bbox 186 632 1325 715; baseline -0.004 -18"><span class='ocrx_word' id='word_1_14' title='bbox 186 652 258 697; x_wconf 92' lang='lat' dir='ltr'>nam</span> <span class='ocrx_word' id='word_1_15' title='bbox 289 652 400 697; x_wconf 85' lang='lat' dir='ltr'>rnenus</span> <span class='ocrx_word' id='word_1_16' title='bbox 432 638 502 696; x_wconf 92' lang='lat' dir='ltr'>tuas</span> <span class='ocrx_word' id='word_1_17' title='bbox 533 638 633 712; x_wconf 84' lang='lat' dir='ltr'>uerte,</span> <span class='ocrx_word' id='word_1_18' title='bbox 668 652 747 715; x_wconf 85' lang='lat' dir='ltr'>quae</span> <span class='ocrx_word' id='word_1_19' title='bbox 778 634 895 697; x_wconf 78' lang='lat' dir='ltr'>crimen</span> <span class='ocrx_word' id='word_1_20' title='bbox 927 651 988 697; x_wconf 93' lang='lat' dir='ltr'>non</span> <span class='ocrx_word' id='word_1_21' title='bbox 1018 632 1113 697; x_wconf 87' lang='lat' dir='ltr'>habet</span> <span class='ocrx_word' id='word_1_22' title='bbox 1144 635 1175 695; x_wconf 89' lang='lat' dir='ltr'>et</span> <span class='ocrx_word' id='word_1_23' title='bbox 1204 632 1325 695; x_wconf 84' lang='lat' dir='ltr'>confert</span> 
     </span>
     <span class='ocr_line' id='line_1_4' title="bbox 185 735 1323 818; baseline -0.004 -17"><span class='ocrx_word' id='word_1_24' title='bbox 185 738 330 801; x_wconf 86' lang='lat' dir='ltr'>salutem.</span> <span class='ocrx_word' id='word_1_25' title='bbox 365 741 395 801; x_wconf 85' lang='lat' dir='ltr'>et</span> <span class='ocrx_word' id='word_1_26' title='bbox 418 737 493 818; x_wconf 92' lang='lat' dir='ltr'>quid</span> <span class='ocrx_word' id='word_1_27' title='bbox 516 735 574 801; x_wconf 90' lang='lat' dir='ltr'>tibi</span> <span class='ocrx_word' id='word_1_28' title='bbox 601 737 784 801; x_wconf 88' lang='lat' dir='ltr'>militarium</span> <span class='ocrx_word' id='word_1_29' title='bbox 808 737 1032 818; x_wconf 79' lang='lat' dir='ltr'>stipendiorum</span> <span class='ocrx_word' id='word_1_30' title='bbox 1055 735 1229 800; x_wconf 79' lang='lat' dir='ltr'>curationes</span> <span class='ocrx_word' id='word_1_31' title='bbox 1252 752 1323 798; x_wconf 90' lang='lat' dir='ltr'>cum</span> 
     </span>
     <span class='ocr_line' id='line_1_5' title="bbox 185 837 1335 922; baseline -0.003 -17"><span class='ocrx_word' id='word_1_32' title='bbox 185 841 303 905; x_wconf 86' lang='lat' dir='ltr'>inuidia</span> <span class='ocrx_word' id='word_1_33' title='bbox 324 842 490 905; x_wconf 86' lang='lat' dir='ltr'>uiolentiae</span> <span class='ocrx_word' id='word_1_34' title='bbox 514 859 631 921; x_wconf 81' lang='lat' dir='ltr'>curare,</span> <span class='ocrx_word' id='word_1_35' title='bbox 654 860 727 905; x_wconf 90' lang='lat' dir='ltr'>cnm</span> <span class='ocrx_word' id='word_1_36' title='bbox 745 841 877 905; x_wconf 80' lang='lat' dir='ltr'>forsitan</span> <span class='ocrx_word' id='word_1_37' title='bbox 896 859 951 922; x_wconf 94' lang='lat' dir='ltr'>pro</span> <span class='ocrx_word' id='word_1_38' title='bbox 971 845 1025 904; x_wconf 88' lang='lat' dir='ltr'>tua</span> <span class='ocrx_word' id='word_1_39' title='bbox 1045 840 1208 903; x_wconf 87' lang='lat' dir='ltr'>honestate</span> <span class='ocrx_word' id='word_1_40' title='bbox 1228 837 1335 902; x_wconf 85' lang='lat' dir='ltr'>etiam</span> 
     </span>
     <span class='ocr_line' id='line_1_6' title="bbox 145 939 1325 1025; baseline -0.003 -17"><span class='ocrx_word' id='word_1_41' title='bbox 145 970 162 1008; x_wconf 76' lang='lat' dir='ltr'>e</span> <span class='ocrx_word' id='word_1_42' title='bbox 186 945 361 1009; x_wconf 92' lang='lat' dir='ltr'>debitorum</span> <span class='ocrx_word' id='word_1_43' title='bbox 386 946 565 1009; x_wconf 83' lang='lat' dir='ltr'>moderatus</span> <span class='ocrx_word' id='word_1_44' title='bbox 589 949 712 1009; x_wconf 84' lang='lat' dir='ltr'>exactor</span> <span class='ocrx_word' id='word_1_45' title='bbox 735 945 799 1009; x_wconf 82' lang='lat' dir='ltr'>sis?</span> <span class='ocrx_word' id='word_1_46' title='bbox 822 963 893 1009; x_wconf 92' lang='lat' dir='ltr'>cnm</span> <span class='ocrx_word' id='word_1_47' title='bbox 918 946 985 1008; x_wconf 91' lang='lat' dir='ltr'>sine</span> <span class='ocrx_word' id='word_1_48' title='bbox 1004 939 1188 1025; x_wconf 86' lang='lat' dir='ltr'>cuiusquam</span> <span class='ocrx_word' id='word_1_49' title='bbox 1208 942 1325 1006; x_wconf 87' lang='lat' dir='ltr'>inuidia</span> 
     </span>
     <span class='ocr_line' id='line_1_7' title="bbox 186 1049 1324 1132; baseline -0.003 -20"><span class='ocrx_word' id='word_1_50' title='bbox 186 1055 217 1113; x_wconf 88' lang='lat' dir='ltr'>et</span> <span class='ocrx_word' id='word_1_51' title='bbox 251 1068 323 1112; x_wconf 90' lang='lat' dir='ltr'>cum</span> <span class='ocrx_word' id='word_1_52' title='bbox 353 1050 402 1112; x_wconf 91' lang='lat' dir='ltr'>dei</span> <span class='ocrx_word' id='word_1_53' title='bbox 431 1050 533 1132; x_wconf 84' lang='lat' dir='ltr'>gratia</span> <span class='ocrx_word' id='word_1_54' title='bbox 562 1050 662 1132; x_wconf 88' lang='lat' dir='ltr'>possis</span> <span class='ocrx_word' id='word_1_55' title='bbox 694 1069 762 1113; x_wconf 89' lang='lat' dir='ltr'>esse</span> <span class='ocrx_word' id='word_1_56' title='bbox 793 1050 959 1127; x_wconf 90' lang='lat' dir='ltr'>uiolentus,</span> <span class='ocrx_word' id='word_1_57' title='bbox 994 1053 1029 1112; x_wconf 90' lang='lat' dir='ltr'>nt</span> <span class='ocrx_word' id='word_1_58' title='bbox 1058 1049 1162 1129; x_wconf 87' lang='lat' dir='ltr'>capias</span> <span class='ocrx_word' id='word_1_59' title='bbox 1193 1065 1324 1129; x_wconf 84' lang='lat' dir='ltr'>regnum</span> 
     </span>
     <span class='ocr_line' id='line_1_8' title="bbox 185 1138 1369 1237; baseline -0.004 -20"><span class='ocrx_word' id='word_1_60' title='bbox 185 1154 352 1232; x_wconf 84' lang='lat' dir='ltr'>caelorum,</span> <span class='ocrx_word' id='word_1_61' title='bbox 382 1155 464 1236; x_wconf 91' lang='lat' dir='ltr'>quod</span> <span class='ocrx_word' id='word_1_62' title='bbox 491 1155 556 1217; x_wconf 88' lang='lat' dir='ltr'>uirn</span> <span class='ocrx_word' id='word_1_63' title='bbox 583 1155 701 1237; x_wconf 90' lang='lat' dir='ltr'>patitur</span> <span class='ocrx_word' id='word_1_64' title='bbox 732 1158 763 1218; x_wconf 92' lang='lat' dir='ltr'>et</span> <span class='ocrx_word' id='word_1_65' title='bbox 789 1154 905 1237; x_wconf 87' lang='lat' dir='ltr'>gaudet</span> <span class='ocrx_word' id='word_1_66' title='bbox 933 1152 1076 1217; x_wconf 84' lang='lat' dir='ltr'>Christus</span> <span class='ocrx_word' id='word_1_67' title='bbox 1106 1151 1222 1230; x_wconf 85' lang='lat' dir='ltr'>inuadi,</span> <span class='ocrx_word' id='word_1_68' title='bbox 1253 1150 1325 1231; x_wconf 87' lang='lat' dir='ltr'>quie</span> <span class='ocrx_word' id='word_1_69' title='bbox 1368 1138 1369 1144; x_wconf 52' lang='lat'>&#39;</span> 
     </span>
     <span class='ocr_line' id='line_1_9' title="bbox 185 1255 1325 1340; baseline -0.006 -17"><span class='ocrx_word' id='word_1_70' title='bbox 185 1278 240 1340; x_wconf 94' lang='lat' dir='ltr'>pro</span> <span class='ocrx_word' id='word_1_71' title='bbox 267 1257 460 1322; x_wconf 88' lang='lat' dir='ltr'>abundantia</span> <span class='ocrx_word' id='word_1_72' title='bbox 487 1259 628 1322; x_wconf 86' lang='lat' dir='ltr'>caritatis</span> <span class='ocrx_word' id='word_1_73' title='bbox 656 1263 687 1322; x_wconf 87' lang='lat' dir='ltr'>et</span> <span class='ocrx_word' id='word_1_74' title='bbox 714 1258 871 1340; x_wconf 84' lang='lat' dir='ltr'>potentiae</span> <span class='ocrx_word' id='word_1_75' title='bbox 899 1276 973 1322; x_wconf 89' lang='lat' dir='ltr'>suae</span> <span class='ocrx_word' id='word_1_76' title='bbox 1001 1275 1096 1339; x_wconf 84' lang='lat' dir='ltr'>capax</span> <span class='ocrx_word' id='word_1_77' title='bbox 1128 1260 1176 1319; x_wconf 86' lang='lat' dir='ltr'>est</span> <span class='ocrx_word' id='word_1_78' title='bbox 1205 1258 1237 1318; x_wconf 89' lang='lat' dir='ltr'>et</span> <span class='ocrx_word' id='word_1_79' title='bbox 1264 1255 1325 1318; x_wconf 89' lang='lat' dir='ltr'>lar·</span> 
     </span>
     <span class='ocr_line' id='line_1_10' title="bbox 185 1357 1325 1446; baseline -0.005 -20"><span class='ocrx_word' id='word_1_80' title='bbox 185 1363 291 1446; x_wconf 84' lang='lat' dir='ltr'>giendi</span> <span class='ocrx_word' id='word_1_81' title='bbox 320 1362 403 1444; x_wconf 89' lang='lat' dir='ltr'>quod</span> <span class='ocrx_word' id='word_1_82' title='bbox 431 1366 518 1426; x_wconf 91' lang='lat' dir='ltr'>tenet</span> <span class='ocrx_word' id='word_1_83' title='bbox 548 1367 579 1426; x_wconf 88' lang='lat' dir='ltr'>et</span> <span class='ocrx_word' id='word_1_84' title='bbox 608 1363 690 1444; x_wconf 91' lang='lat' dir='ltr'>quod</span> <span class='ocrx_word' id='word_1_85' title='bbox 725 1363 851 1426; x_wconf 90' lang='lat' dir='ltr'>donauit</span> <span class='ocrx_word' id='word_1_86' title='bbox 872 1361 1054 1425; x_wconf 89' lang='lat' dir='ltr'>obtinendi.</span> <span class='ocrx_word' id='word_1_87' title='bbox 1099 1378 1172 1424; x_wconf 90' lang='lat' dir='ltr'>narn</span> <span class='ocrx_word' id='word_1_88' title='bbox 1202 1357 1325 1440; x_wconf 91' lang='lat' dir='ltr'>quando</span> 
     </span>
     <span class='ocr_line' id='line_1_11' title="bbox 109 1462 1324 1550; baseline 0 -26"><span class='ocrx_word' id='word_1_89' title='bbox 109 1486 162 1528; x_wconf 75' lang='grc' dir='ltr'>ιο</span> <span class='ocrx_word' id='word_1_90' title='bbox 186 1467 301 1531; x_wconf 85' lang='lat' dir='ltr'>sanctis</span> <span class='ocrx_word' id='word_1_91' title='bbox 325 1467 390 1529; x_wconf 88' lang='lat' dir='ltr'>suis</span> <span class='ocrx_word' id='word_1_92' title='bbox 414 1467 446 1530; x_wconf 94' lang='lat' dir='ltr'>in</span> <span class='ocrx_word' id='word_1_93' title='bbox 469 1484 565 1548; x_wconf 84' lang='lat' dir='ltr'>regno</span> <span class='ocrx_word' id='word_1_94' title='bbox 588 1485 644 1530; x_wconf 88' lang='lat' dir='ltr'>suo</span> <span class='ocrx_word' id='word_1_95' title='bbox 667 1484 797 1550; x_wconf 86' lang='lat' dir='ltr'>regnare</span> <span class='ocrx_word' id='word_1_96' title='bbox 821 1467 1017 1545; x_wconf 88' lang='lat' dir='ltr'>concesserit,</span> <span class='ocrx_word' id='word_1_97' title='bbox 1041 1465 1108 1548; x_wconf 87' lang='lat' dir='ltr'>ipsc</span> <span class='ocrx_word' id='word_1_98' title='bbox 1130 1463 1274 1547; x_wconf 82' lang='lat' dir='ltr'>regnabit</span> <span class='ocrx_word' id='word_1_99' title='bbox 1293 1462 1324 1525; x_wconf 93' lang='lat' dir='ltr'>in</span> 
     </span>
     <span class='ocr_line' id='line_1_12' title="bbox 186 1569 1326 1654; baseline -0.004 -20"><span class='ocrx_word' id='word_1_100' title='bbox 186 1572 247 1635; x_wconf 87' lang='lat' dir='ltr'>iilis</span> <span class='ocrx_word' id='word_1_101' title='bbox 269 1587 346 1652; x_wconf 86' lang='lat' dir='ltr'>quoe</span> <span class='ocrx_word' id='word_1_102' title='bbox 374 1575 533 1635; x_wconf 88' lang='lat' dir='ltr'>consortes</span> <span class='ocrx_word' id='word_1_103' title='bbox 561 1572 649 1654; x_wconf 85' lang='lat' dir='ltr'>regni</span> <span class='ocrx_word' id='word_1_104' title='bbox 672 1572 814 1635; x_wconf 88' lang='lat' dir='ltr'>caelestis</span> <span class='ocrx_word' id='word_1_105' title='bbox 842 1572 1059 1653; x_wconf 86' lang='lat' dir='ltr'>adsumpserit.</span> <span class='ocrx_word' id='word_1_106' title='bbox 1099 1569 1251 1651; x_wconf 88' lang='lat' dir='ltr'>scripturn</span> <span class='ocrx_word' id='word_1_107' title='bbox 1278 1571 1326 1629; x_wconf 89' lang='lat' dir='ltr'>est</span> 
     </span>
     <span class='ocr_line' id='line_1_13' title="bbox 186 1675 1326 1759; baseline -0.004 -21"><span class='ocrx_word' id='word_1_108' title='bbox 186 1676 268 1739; x_wconf 88' lang='lat' dir='ltr'>enim</span> <span class='ocrx_word' id='word_1_109' title='bbox 301 1680 332 1738; x_wconf 88' lang='lat' dir='ltr'>et</span> <span class='ocrx_word' id='word_1_110' title='bbox 362 1694 492 1759; x_wconf 87' lang='lat' dir='ltr'>regnum</span> <span class='ocrx_word' id='word_1_111' title='bbox 521 1676 569 1739; x_wconf 89' lang='lat' dir='ltr'>dei</span> <span class='ocrx_word' id='word_1_112' title='bbox 597 1694 668 1739; x_wconf 93' lang='lat' dir='ltr'>cum</span> <span class='ocrx_word' id='word_1_113' title='bbox 696 1676 812 1739; x_wconf 90' lang='lat' dir='ltr'>sanctis</span> <span class='ocrx_word' id='word_1_114' title='bbox 840 1677 905 1739; x_wconf 84' lang='lat' dir='ltr'>iore</span> <span class='ocrx_word' id='word_1_115' title='bbox 934 1680 965 1738; x_wconf 90' lang='lat' dir='ltr'>et</span> <span class='ocrx_word' id='word_1_116' title='bbox 992 1675 1074 1757; x_wconf 90' lang='lat' dir='ltr'>ipsos</span> <span class='ocrx_word' id='word_1_117' title='bbox 1106 1677 1230 1737; x_wconf 90' lang='lat' dir='ltr'>sanctos</span> <span class='ocrx_word' id='word_1_118' title='bbox 1257 1689 1326 1735; x_wconf 89' lang='lat' dir='ltr'>esse</span> 
     </span>
     <span class='ocr_line' id='line_1_14' title="bbox 187 1776 1326 1862; baseline -0.004 -20"><span class='ocrx_word' id='word_1_119' title='bbox 187 1798 317 1862; x_wconf 86' lang='lat' dir='ltr'>regnum</span> <span class='ocrx_word' id='word_1_120' title='bbox 352 1779 414 1858; x_wconf 83' lang='lat' dir='ltr'>dei,</span> <span class='ocrx_word' id='word_1_121' title='bbox 449 1779 531 1860; x_wconf 91' lang='lat' dir='ltr'>quod</span> <span class='ocrx_word' id='word_1_122' title='bbox 565 1780 698 1862; x_wconf 89' lang='lat' dir='ltr'>propitio</span> <span class='ocrx_word' id='word_1_123' title='bbox 733 1781 803 1859; x_wconf 85' lang='lat' dir='ltr'>deo,</span> <span class='ocrx_word' id='word_1_124' title='bbox 842 1798 914 1842; x_wconf 88' lang='lat' dir='ltr'>curn</span> <span class='ocrx_word' id='word_1_125' title='bbox 947 1796 1116 1842; x_wconf 87' lang='lat' dir='ltr'>conuersus</span> <span class='ocrx_word' id='word_1_126' title='bbox 1150 1776 1261 1856; x_wconf 84' lang='lat' dir='ltr'>fueris,</span> <span class='ocrx_word' id='word_1_127' title='bbox 1296 1780 1326 1838; x_wconf 91' lang='lat' dir='ltr'>et</span> 
     </span>
     <span class='ocr_line' id='line_1_15' title="bbox 186 1883 926 1966; baseline 0 -19"><span class='ocrx_word' id='word_1_128' title='bbox 186 1883 316 1965; x_wconf 84' lang='lat' dir='ltr'>legendo</span> <span class='ocrx_word' id='word_1_129' title='bbox 340 1901 507 1966; x_wconf 85' lang='lat' dir='ltr'>cognosces</span> <span class='ocrx_word' id='word_1_130' title='bbox 531 1888 562 1947; x_wconf 90' lang='lat' dir='ltr'>et</span> <span class='ocrx_word' id='word_1_131' title='bbox 585 1884 737 1948; x_wconf 91' lang='lat' dir='ltr'>credendo</span> <span class='ocrx_word' id='word_1_132' title='bbox 759 1884 926 1966; x_wconf 84' lang='lat' dir='ltr'>intelliges.</span> 
     </span>
     <span class='ocr_line' id='line_1_16' title="bbox 85 1983 1327 2070; baseline -0.001 -23"><span class='ocrx_word' id='word_1_133' title='bbox 85 2005 163 2047; x_wconf 69' lang='grc' dir='ltr'>ιε</span> <span class='ocrx_word' id='word_1_134' title='bbox 228 1986 258 2050; x_wconf 89' lang='grc'>6.</span> <span class='ocrx_word' id='word_1_135' title='bbox 284 1987 330 2050; x_wconf 88' lang='lat' dir='ltr'>De</span> <span class='ocrx_word' id='word_1_136' title='bbox 354 1988 466 2051; x_wconf 86' lang='lat' dir='ltr'>aetatis</span> <span class='ocrx_word' id='word_1_137' title='bbox 490 1992 597 2051; x_wconf 88' lang='lat' dir='ltr'>antem</span> <span class='ocrx_word' id='word_1_138' title='bbox 620 1988 694 2051; x_wconf 90' lang='lat' dir='ltr'>flore</span> <span class='ocrx_word' id='word_1_139' title='bbox 717 1989 896 2070; x_wconf 84' lang='lat' dir='ltr'>primaeque</span> <span class='ocrx_word' id='word_1_140' title='bbox 922 1987 1095 2051; x_wconf 88' lang='lat' dir='ltr'>inuentntis</span> <span class='ocrx_word' id='word_1_141' title='bbox 1119 1986 1188 2066; x_wconf 90' lang='lat' dir='ltr'>quis</span> <span class='ocrx_word' id='word_1_142' title='bbox 1214 1983 1327 2047; x_wconf 87' lang='lat' dir='ltr'>audeat</span> 
     </span>
     <span class='ocr_line' id='line_1_17' title="bbox 187 2089 1326 2175; baseline -0.004 -20"><span class='ocrx_word' id='word_1_143' title='bbox 187 2091 332 2175; x_wconf 80' lang='lat' dir='ltr'>gloriari?</span> <span class='ocrx_word' id='word_1_144' title='bbox 374 2092 521 2156; x_wconf 90' lang='lat' dir='ltr'>admonet</span> <span class='ocrx_word' id='word_1_145' title='bbox 555 2110 690 2174; x_wconf 87' lang='lat' dir='ltr'>namque</span> <span class='ocrx_word' id='word_1_146' title='bbox 726 2093 831 2156; x_wconf 91' lang='lat' dir='ltr'>diuina</span> <span class='ocrx_word' id='word_1_147' title='bbox 866 2092 1019 2174; x_wconf 86' lang='lat' dir='ltr'>scripturo</span> <span class='ocrx_word' id='word_1_148' title='bbox 1052 2091 1172 2154; x_wconf 90' lang='lat' dir='ltr'>dicens:</span> <span class='ocrx_word' id='word_1_149' title='bbox 1207 2089 1326 2153; x_wconf 90' lang='lat' dir='ltr'>omnis</span> 
     </span>
     <span class='ocr_line' id='line_1_18' title="bbox 188 2188 1327 2261; baseline -0.003 -3"><span class='ocrx_word' id='word_1_150' title='bbox 188 2213 270 2259; x_wconf 87' lang='lat' dir='ltr'>caro</span> <span class='ocrx_word' id='word_1_151' title='bbox 296 2196 419 2259; x_wconf 81' lang='lat' dir='ltr'>fenum</span> <span class='ocrx_word' id='word_1_152' title='bbox 449 2201 484 2260; x_wconf 89' lang='lat' dir='ltr'>et</span> <span class='ocrx_word' id='word_1_153' title='bbox 507 2198 625 2260; x_wconf 91' lang='lat' dir='ltr'>omnis</span> <span class='ocrx_word' id='word_1_154' title='bbox 653 2196 809 2261; x_wconf 90' lang='lat' dir='ltr'>claritas</span> <span class='ocrx_word' id='word_1_155' title='bbox 834 2188 980 2260; x_wconf 72' lang='lat' dir='ltr'>eruent</span> <span class='ocrx_word' id='word_1_156' title='bbox 1001 2196 1073 2260; x_wconf 83' lang='lat' dir='ltr'>ilos</span> <span class='ocrx_word' id='word_1_157' title='bbox 1102 2194 1188 2258; x_wconf 81' lang='lat' dir='ltr'>feni.</span> <span class='ocrx_word' id='word_1_158' title='bbox 1228 2193 1327 2256; x_wconf 91' lang='lat' dir='ltr'>aruit</span> 
     </span>
     <span class='ocr_line' id='line_1_19' title="bbox 187 2296 1326 2379; baseline -0.002 -17"><span class='ocrx_word' id='word_1_159' title='bbox 187 2300 326 2379; x_wconf 83' lang='lat' dir='ltr'>fenum,</span> <span class='ocrx_word' id='word_1_160' title='bbox 355 2303 390 2364; x_wconf 91' lang='lat' dir='ltr'>et</span> <span class='ocrx_word' id='word_1_161' title='bbox 411 2301 484 2364; x_wconf 87' lang='lat' dir='ltr'>flos</span> <span class='ocrx_word' id='word_1_162' title='bbox 508 2301 660 2375; x_wconf 83' lang='lat' dir='ltr'>decidit;</span> <span class='ocrx_word' id='word_1_163' title='bbox 692 2320 811 2365; x_wconf 91' lang='lat' dir='ltr'>sermo</span> <span class='ocrx_word' id='word_1_164' title='bbox 838 2305 960 2364; x_wconf 89' lang='lat' dir='ltr'>eutem</span> <span class='ocrx_word' id='word_1_165' title='bbox 984 2299 1121 2364; x_wconf 90' lang='lat' dir='ltr'>domini</span> <span class='ocrx_word' id='word_1_166' title='bbox 1144 2301 1269 2362; x_wconf 86' lang='lat' dir='ltr'>manet</span> <span class='ocrx_word' id='word_1_167' title='bbox 1291 2296 1326 2359; x_wconf 92' lang='lat' dir='ltr'>in</span> 
     </span>
    </p>
   </div>
   <div class='ocr_carea' id='block_1_3' title="bbox 71 2395 1433 2886">
    <p class='ocr_par' dir='ltr' id='par_1_3' title="bbox 189 2395 1328 2488">
     <span class='ocr_line' id='line_1_20' title="bbox 189 2395 1328 2488; baseline -0.003 -22"><span class='ocrx_word' id='word_1_168' title='bbox 189 2409 389 2468; x_wconf 89' lang='lat' dir='ltr'>aeternnm.</span> <span class='ocrx_word' id='word_1_169' title='bbox 427 2406 509 2468; x_wconf 92' lang='lat' dir='ltr'>unde</span> <span class='ocrx_word' id='word_1_170' title='bbox 538 2410 570 2468; x_wconf 89' lang='lat' dir='ltr'>et</span> <span class='ocrx_word' id='word_1_171' title='bbox 597 2395 751 2488; x_wconf 88' lang='lat' dir='ltr'>propheta</span> <span class='ocrx_word' id='word_1_172' title='bbox 775 2406 828 2469; x_wconf 87' lang='lat' dir='ltr'>illa</span> <span class='ocrx_word' id='word_1_173' title='bbox 855 2406 969 2488; x_wconf 88' lang='lat' dir='ltr'>potius,</span> <span class='ocrx_word' id='word_1_174' title='bbox 999 2406 1031 2468; x_wconf 91' lang='lat' dir='ltr'>in</span> <span class='ocrx_word' id='word_1_175' title='bbox 1062 2403 1174 2486; x_wconf 88' lang='lat' dir='ltr'>quibus</span> <span class='ocrx_word' id='word_1_176' title='bbox 1202 2405 1328 2465; x_wconf 87' lang='lat' dir='ltr'>aeterne</span> 
     </span>
    </p>

    <p class='ocr_par' dir='ltr' id='par_1_4' title="bbox 71 2505 1433 2886">
     <span class='ocr_line' id='line_1_21' title="bbox 71 2505 1327 2592; baseline -0.002 -22"><span class='ocrx_word' id='word_1_177' title='bbox 71 2511 159 2561; x_wconf 64' lang='lat'>²0</span> <span class='ocrx_word' id='word_1_178' title='bbox 188 2508 321 2591; x_wconf 89' lang='lat' dir='ltr'>corporis</span> <span class='ocrx_word' id='word_1_179' title='bbox 345 2508 475 2572; x_wconf 90' lang='lat' dir='ltr'>rediuiui</span> <span class='ocrx_word' id='word_1_180' title='bbox 497 2510 596 2592; x_wconf 87' lang='lat' dir='ltr'>gloria</span> <span class='ocrx_word' id='word_1_181' title='bbox 618 2513 690 2592; x_wconf 91' lang='lat' dir='ltr'>post</span> <span class='ocrx_word' id='word_1_182' title='bbox 711 2511 970 2574; x_wconf 86' lang='lat' dir='ltr'>resurrectionem</span> <span class='ocrx_word' id='word_1_183' title='bbox 992 2509 1091 2591; x_wconf 89' lang='lat' dir='ltr'>possit</span> <span class='ocrx_word' id='word_1_184' title='bbox 1112 2526 1251 2587; x_wconf 90' lang='lat' dir='ltr'>manere,</span> <span class='ocrx_word' id='word_1_185' title='bbox 1274 2505 1327 2568; x_wconf 93' lang='lat' dir='ltr'>de-</span> 
     </span>
     <span class='ocr_line' id='line_1_22' title="bbox 189 2613 1326 2695; baseline -0.002 -20"><span class='ocrx_word' id='word_1_186' title='bbox 189 2613 327 2676; x_wconf 87' lang='lat' dir='ltr'>siderans</span> <span class='ocrx_word' id='word_1_187' title='bbox 355 2613 484 2677; x_wconf 89' lang='lat' dir='ltr'>clamat:</span> <span class='ocrx_word' id='word_1_188' title='bbox 516 2631 622 2695; x_wconf 89' lang='lat' dir='ltr'>quam</span> <span class='ocrx_word' id='word_1_189' title='bbox 654 2613 833 2678; x_wconf 89' lang='lat' dir='ltr'>amabilia</span> <span class='ocrx_word' id='word_1_190' title='bbox 864 2620 952 2678; x_wconf 91' lang='lat' dir='ltr'>sunt</span> <span class='ocrx_word' id='word_1_191' title='bbox 982 2613 1226 2678; x_wconf 89' lang='lat' dir='ltr'>tabernacula</span> <span class='ocrx_word' id='word_1_192' title='bbox 1253 2614 1326 2688; x_wconf 87' lang='lat' dir='ltr'>tua,</span> 
     </span>
     <span class='ocr_line' id='line_1_23' title="bbox 189 2716 1433 2802; baseline -0.002 -23"><span class='ocrx_word' id='word_1_193' title='bbox 189 2716 333 2780; x_wconf 91' lang='lat' dir='ltr'>domine</span> <span class='ocrx_word' id='word_1_194' title='bbox 363 2719 562 2781; x_wconf 90' lang='lat' dir='ltr'>uirtutum!</span> <span class='ocrx_word' id='word_1_195' title='bbox 606 2719 840 2802; x_wconf 88' lang='lat' dir='ltr'>concupiscit</span> <span class='ocrx_word' id='word_1_196' title='bbox 870 2723 905 2784; x_wconf 89' lang='lat' dir='ltr'>et</span> <span class='ocrx_word' id='word_1_197' title='bbox 934 2719 1067 2782; x_wconf 83' lang='lat' dir='ltr'>deficit</span> <span class='ocrx_word' id='word_1_198' title='bbox 1097 2717 1218 2781; x_wconf 86' lang='lat' dir='ltr'>anima</span> <span class='ocrx_word' id='word_1_199' title='bbox 1249 2732 1327 2778; x_wconf 89' lang='lat' dir='ltr'>meo</span> <span class='ocrx_word' id='word_1_200' title='bbox 1431 2745 1433 2751; x_wconf 94' lang='lat'>·</span> 
     </span>
     <span class='ocr_line' id='line_1_24' title="bbox 190 2818 514 2886; baseline 0.009 -5"><span class='ocrx_word' id='word_1_201' title='bbox 190 2818 224 2883; x_wconf 90' lang='lat' dir='ltr'>in</span> <span class='ocrx_word' id='word_1_202' title='bbox 246 2821 346 2884; x_wconf 89' lang='lat' dir='ltr'>atria</span> <span class='ocrx_word' id='word_1_203' title='bbox 368 2821 514 2886; x_wconf 89' lang='lat' dir='ltr'>domini.</span> 
     </span>
    </p>
   </div>
   <div class='ocr_carea' id='block_1_4' title="bbox 76 2923 1327 3114">
    <p class='ocr_par' dir='ltr' id='par_1_5' title="bbox 76 2923 1327 3114">
     <span class='ocr_line' id='line_1_25' title="bbox 230 2923 1327 3010; baseline -0.001 -23"><span class='ocrx_word' id='word_1_204' title='bbox 230 2923 259 2988; x_wconf 79' lang='lat'>7.</span> <span class='ocrx_word' id='word_1_205' title='bbox 284 2925 324 2989; x_wconf 81' lang='lat' dir='ltr'>nt</span> <span class='ocrx_word' id='word_1_206' title='bbox 344 2926 381 2988; x_wconf 93' lang='lat' dir='ltr'>de</span> <span class='ocrx_word' id='word_1_207' title='bbox 404 2927 537 2991; x_wconf 88' lang='lat' dir='ltr'>uinculis</span> <span class='ocrx_word' id='word_1_208' title='bbox 560 2928 777 3010; x_wconf 84' lang='lat' dir='ltr'>coniugalibus</span> <span class='ocrx_word' id='word_1_209' title='bbox 801 2932 832 2992; x_wconf 90' lang='lat' dir='ltr'>et</span> <span class='ocrx_word' id='word_1_210' title='bbox 851 2928 963 2992; x_wconf 89' lang='lat' dir='ltr'>ceteris</span> <span class='ocrx_word' id='word_1_211' title='bbox 983 2926 1200 3010; x_wconf 88' lang='lat' dir='ltr'>temporalium</span> <span class='ocrx_word' id='word_1_212' title='bbox 1223 2942 1327 2988; x_wconf 90' lang='lat' dir='ltr'>rerum</span> 
     </span>
     <span class='ocr_line' id='line_1_26' title="bbox 76 3026 1327 3114; baseline 0 -23"><span class='ocrx_word' id='word_1_213' title='bbox 76 3026 160 3078; x_wconf 52' lang='grc' dir='ltr'>ξε·</span> <span class='ocrx_word' id='word_1_214' title='bbox 188 3030 252 3092; x_wconf 93' lang='lat' dir='ltr'>tam</span> <span class='ocrx_word' id='word_1_215' title='bbox 280 3030 414 3113; x_wconf 86' lang='lat' dir='ltr'>spinosis</span> <span class='ocrx_word' id='word_1_216' title='bbox 441 3049 536 3112; x_wconf 86' lang='lat' dir='ltr'>quam</span> <span class='ocrx_word' id='word_1_217' title='bbox 565 3032 710 3096; x_wconf 86' lang='lat' dir='ltr'>inanibus</span> <span class='ocrx_word' id='word_1_218' title='bbox 739 3033 821 3096; x_wconf 89' lang='lat' dir='ltr'>curis</span> <span class='ocrx_word' id='word_1_219' title='bbox 849 3033 1016 3114; x_wconf 86' lang='lat' dir='ltr'>apostolus,</span> <span class='ocrx_word' id='word_1_220' title='bbox 1046 3032 1078 3095; x_wconf 91' lang='lat' dir='ltr'>in</span> <span class='ocrx_word' id='word_1_221' title='bbox 1102 3049 1162 3112; x_wconf 92' lang='lat' dir='ltr'>quo</span> <span class='ocrx_word' id='word_1_222' title='bbox 1186 3030 1327 3095; x_wconf 78' lang='lat' dir='ltr'>Christus</span> 
     </span>
    </p>
   </div>
   <div class='ocr_carea' id='block_1_5' title="bbox 192 3193 1327 3350">
    <p class='ocr_par' dir='ltr' id='par_1_6' title="bbox 192 3193 1327 3350">
     <span class='ocr_line' id='line_1_27' title="bbox 295 3193 1327 3264; baseline 0 -18"><span class='ocrx_word' id='word_1_223' title='bbox 295 3193 324 3262; x_wconf 86' lang='lat' dir='ltr'>a]</span> <span class='ocrx_word' id='word_1_224' title='bbox 343 3193 417 3261; x_wconf 75' lang='lat' dir='ltr'>(nuc.</span> <span class='ocrx_word' id='word_1_225' title='bbox 431 3196 454 3257; x_wconf 89' lang='grc'>2,</span> <span class='ocrx_word' id='word_1_226' title='bbox 471 3196 520 3262; x_wconf 76' lang='lat' dir='ltr'>rr).</span> <span class='ocrx_word' id='word_1_227' title='bbox 588 3195 827 3264; x_wconf 67' lang='lat' dir='ltr'>rumpente).</span> <span class='ocrx_word' id='word_1_228' title='bbox 897 3196 940 3264; x_wconf 83' lang='lat'>12]</span> <span class='ocrx_word' id='word_1_229' title='bbox 959 3194 1050 3264; x_wconf 72' lang='lat' dir='ltr'>(npoe</span> <span class='ocrx_word' id='word_1_230' title='bbox 1064 3196 1154 3263; x_wconf 85' lang='grc'>222).</span> <span class='ocrx_word' id='word_1_231' title='bbox 1222 3193 1265 3263; x_wconf 87' lang='lat' dir='ltr'>ro]</span> <span class='ocrx_word' id='word_1_232' title='bbox 1284 3193 1327 3247; x_wconf 78' lang='lat' dir='ltr'>ns.</span> 
     </span>
     <span class='ocr_line' id='line_1_28' title="bbox 192 3279 860 3350; baseline 0.004 -18"><span class='ocrx_word' id='word_1_233' title='bbox 192 3281 231 3343; x_wconf 79' lang='lat' dir='ltr'>ro,</span> <span class='ocrx_word' id='word_1_234' title='bbox 244 3281 268 3333; x_wconf 85' lang='lat' dir='ltr'>o.</span> <span class='ocrx_word' id='word_1_235' title='bbox 322 3279 367 3349; x_wconf 87' lang='lat' dir='ltr'>m]</span> <span class='ocrx_word' id='word_1_236' title='bbox 386 3281 429 3334; x_wconf 78' lang='lat' dir='ltr'>ns.</span> <span class='ocrx_word' id='word_1_237' title='bbox 443 3283 485 3344; x_wconf 86' lang='lat' dir='ltr'>aa,</span> <span class='ocrx_word' id='word_1_238' title='bbox 498 3284 522 3336; x_wconf 90' lang='grc'>2.</span> <span class='ocrx_word' id='word_1_239' title='bbox 576 3281 621 3350; x_wconf 78' lang='grc'>22]</span> <span class='ocrx_word' id='word_1_240' title='bbox 641 3281 680 3350; x_wconf 82' lang='grc'>(21</span> <span class='ocrx_word' id='word_1_241' title='bbox 698 3281 756 3337; x_wconf 76' lang='lat' dir='ltr'>cor.</span> <span class='ocrx_word' id='word_1_242' title='bbox 773 3285 813 3346; x_wconf 84' lang='lat' dir='ltr'>ra,</span> <span class='ocrx_word' id='word_1_243' title='bbox 826 3285 860 3350; x_wconf 82' lang='lat' dir='ltr'>a).</span> 
     </span>
    </p>
   </div>
   <div class='ocr_carea' id='block_1_6' title="bbox 187 3426 1331 4436">
    <p class='ocr_par' dir='ltr' id='par_1_7' title="bbox 187 3426 1331 4354">
     <span class='ocr_line' id='line_1_29' title="bbox 231 3426 1327 3501; baseline -0.001 -19"><span class='ocrx_word' id='word_1_244' title='bbox 231 3430 243 3482; x_wconf 97' lang='lat'>1</span> <span class='ocrx_word' id='word_1_245' title='bbox 263 3426 414 3496; x_wconf 86' lang='lat' dir='ltr'>percutitb</span> <span class='ocrx_word' id='word_1_246' title='bbox 467 3431 483 3484; x_wconf 88' lang='lat'><strong>3</strong></span> <span class='ocrx_word' id='word_1_247' title='bbox 502 3429 662 3498; x_wconf 84' lang='lat' dir='ltr'>curationes]</span> <span class='ocrx_word' id='word_1_248' title='bbox 684 3430 791 3484; x_wconf 80' lang='lat' dir='ltr'>studeas</span> <span class='ocrx_word' id='word_1_249' title='bbox 809 3431 873 3485; x_wconf 83' lang='lat' dir='ltr'>add.</span> <span class='ocrx_word' id='word_1_250' title='bbox 886 3435 950 3485; x_wconf 80' lang='lat' dir='ltr'>m.2</span> <span class='ocrx_word' id='word_1_251' title='bbox 967 3433 998 3485; x_wconf 79' lang='lat' dir='ltr'>io</span> <span class='ocrx_word' id='word_1_252' title='bbox 1009 3448 1060 3501; x_wconf 76' lang='grc'>229.</span> <span class='ocrx_word' id='word_1_253' title='bbox 1074 3449 1106 3498; x_wconf 85' lang='lat' dir='ltr'>w,</span> <span class='ocrx_word' id='word_1_254' title='bbox 1125 3431 1241 3484; x_wconf 83' lang='lat' dir='ltr'>rationes</span> <span class='ocrx_word' id='word_1_255' title='bbox 1259 3431 1327 3487; x_wconf 80' lang='grc'>2221.</span> 
     </span>
     <span class='ocr_line' id='line_1_30' title="bbox 189 3512 1328 3586; baseline 0.002 -19"><span class='ocrx_word' id='word_1_256' title='bbox 189 3512 297 3568; x_wconf 75' lang='lat' dir='ltr'>Lebrun</span> <span class='ocrx_word' id='word_1_257' title='bbox 350 3513 499 3569; x_wconf 72' lang='lat' dir='ltr'>diorsitan</span> <span class='ocrx_word' id='word_1_258' title='bbox 517 3516 598 3569; x_wconf 86' lang='lat' dir='ltr'>etiam</span> <span class='ocrx_word' id='word_1_259' title='bbox 616 3533 636 3570; x_wconf 83' lang='grc'>2</span> <span class='ocrx_word' id='word_1_260' title='bbox 700 3517 834 3586; x_wconf 82' lang='lat' dir='ltr'>bcapiae]</span> <span class='ocrx_word' id='word_1_261' title='bbox 854 3516 941 3585; x_wconf 84' lang='lat' dir='ltr'>rapias</span> <span class='ocrx_word' id='word_1_262' title='bbox 962 3517 1017 3572; x_wconf 77' lang='lat' dir='ltr'>coz.</span> <span class='ocrx_word' id='word_1_263' title='bbox 1089 3516 1241 3572; x_wconf 79' lang='lat' dir='ltr'>&#39;icelorum</span> <span class='ocrx_word' id='word_1_264' title='bbox 1260 3515 1328 3570; x_wconf 92' lang='lat' dir='ltr'>celo·</span> 
     </span>
     <span class='ocr_line' id='line_1_31' title="bbox 190 3599 1330 3677; baseline 0.001 -25"><span class='ocrx_word' id='word_1_265' title='bbox 190 3614 283 3654; x_wconf 83' lang='lat' dir='ltr'>rnmw</span> <span class='ocrx_word' id='word_1_266' title='bbox 330 3599 387 3653; x_wconf 89' lang='lat' dir='ltr'>uim</span> <span class='ocrx_word' id='word_1_267' title='bbox 398 3617 426 3667; x_wconf 80' lang='grc'>2,</span> <span class='ocrx_word' id='word_1_268' title='bbox 444 3599 494 3654; x_wconf 89' lang='lat' dir='ltr'>eibi</span> <span class='ocrx_word' id='word_1_269' title='bbox 512 3602 567 3654; x_wconf 90' lang='lat' dir='ltr'>uim</span> <span class='ocrx_word' id='word_1_270' title='bbox 581 3620 611 3670; x_wconf 87' lang='lat' dir='ltr'>w,</span> <span class='ocrx_word' id='word_1_271' title='bbox 631 3601 709 3656; x_wconf 82' lang='lat' dir='ltr'>sibit</span> <span class='ocrx_word' id='word_1_272' title='bbox 757 3602 891 3670; x_wconf 87' lang='lat' dir='ltr'>quodsibi</span> <span class='ocrx_word' id='word_1_273' title='bbox 911 3602 1008 3677; x_wconf 81' lang='lat' dir='ltr'>auferri</span> <span class='ocrx_word' id='word_1_274' title='bbox 1027 3603 1129 3672; x_wconf 84' lang='lat' dir='ltr'>petitur</span> <span class='ocrx_word' id='word_1_275' title='bbox 1146 3604 1200 3660; x_wconf 74' lang='lat'>001.</span> <span class='ocrx_word' id='word_1_276' title='bbox 1248 3606 1330 3672; x_wconf 84' lang='lat' dir='ltr'>8per</span> 
     </span>
     <span class='ocr_line' id='line_1_32' title="bbox 188 3683 1330 3758; baseline 0.005 -20"><span class='ocrx_word' id='word_1_277' title='bbox 188 3683 399 3740; x_wconf 77' lang='lat' dir='ltr'>habundantiam</span> <span class='ocrx_word' id='word_1_278' title='bbox 416 3705 441 3742; x_wconf 77' lang='lat' dir='ltr'>ao</span> <span class='ocrx_word' id='word_1_279' title='bbox 503 3692 534 3743; x_wconf 92' lang='lat' dir='ltr'>ut</span> <span class='ocrx_word' id='word_1_280' title='bbox 550 3707 571 3742; x_wconf 83' lang='grc'>2</span> <span class='ocrx_word' id='word_1_281' title='bbox 634 3690 754 3756; x_wconf 87' lang='lat' dir='ltr'>potencie</span> <span class='ocrx_word' id='word_1_282' title='bbox 773 3694 817 3742; x_wconf 89' lang='lat' dir='ltr'>tue</span> <span class='ocrx_word' id='word_1_283' title='bbox 835 3709 859 3743; x_wconf 85' lang='lat' dir='ltr'><strong><em>w</em></strong></span> <span class='ocrx_word' id='word_1_284' title='bbox 919 3689 1065 3744; x_wconf 87' lang='lat' dir='ltr'>9donauit</span> <span class='ocrx_word' id='word_1_285' title='bbox 1083 3692 1131 3758; x_wconf 80' lang='lat' dir='ltr'>bu,</span> <span class='ocrx_word' id='word_1_286' title='bbox 1149 3689 1289 3743; x_wconf 85' lang='lat' dir='ltr'>domuerit</span> <span class='ocrx_word' id='word_1_287' title='bbox 1306 3708 1330 3744; x_wconf 88' lang='lat' dir='ltr'><strong><em>w</em></strong></span> 
     </span>
     <span class='ocr_line' id='line_1_33' title="bbox 192 3772 1329 3846; baseline 0.005 -23"><span class='ocrx_word' id='word_1_288' title='bbox 192 3773 245 3828; x_wconf 76' lang='lat' dir='ltr'>(iot</span> <span class='ocrx_word' id='word_1_289' title='bbox 302 3776 334 3828; x_wconf 87' lang='lat' dir='ltr'>lo</span> <span class='ocrx_word' id='word_1_290' title='bbox 352 3772 385 3826; x_wconf 90' lang='lat' dir='ltr'>de</span> <span class='ocrx_word' id='word_1_291' title='bbox 403 3775 501 3828; x_wconf 85' lang='lat' dir='ltr'>sanctis</span> <span class='ocrx_word' id='word_1_292' title='bbox 519 3793 539 3828; x_wconf 84' lang='grc'>2</span> <span class='ocrx_word' id='word_1_293' title='bbox 592 3776 743 3844; x_wconf 78' lang='lat' dir='ltr'>euis1uirie</span> <span class='ocrx_word' id='word_1_294' title='bbox 766 3776 819 3831; x_wconf 79' lang='grc'>021.</span> <span class='ocrx_word' id='word_1_295' title='bbox 875 3779 905 3831; x_wconf 94' lang='grc'>11</span> <span class='ocrx_word' id='word_1_296' title='bbox 926 3775 1157 3832; x_wconf 60' lang='lat' dir='ltr'>coelestinorum</span> <span class='ocrx_word' id='word_1_297' title='bbox 1209 3792 1329 3846; x_wconf 83' lang='lat' dir='ltr'>assump-</span> 
     </span>
     <span class='ocr_line' id='line_1_34' title="bbox 188 3862 1330 3933; baseline 0.004 -22"><span class='ocrx_word' id='word_1_298' title='bbox 188 3862 257 3912; x_wconf 80' lang='lat' dir='ltr'>serat</span> <span class='ocrx_word' id='word_1_299' title='bbox 273 3877 298 3914; x_wconf 86' lang='lat' dir='ltr'><em>w</em></span> <span class='ocrx_word' id='word_1_300' title='bbox 353 3862 509 3915; x_wconf 74' lang='grc'>1222112222</span> <span class='ocrx_word' id='word_1_301' title='bbox 528 3863 598 3930; x_wconf 88' lang='lat' dir='ltr'>ipsos</span> <span class='ocrx_word' id='word_1_302' title='bbox 616 3881 639 3917; x_wconf 85' lang='lat' dir='ltr'>cc</span> <span class='ocrx_word' id='word_1_303' title='bbox 703 3866 734 3918; x_wconf 88' lang='lat'>13</span> <span class='ocrx_word' id='word_1_304' title='bbox 753 3863 982 3931; x_wconf 81' lang='lat' dir='ltr'>oum—intelliges</span> <span class='ocrx_word' id='word_1_305' title='bbox 1000 3881 1049 3918; x_wconf 86' lang='lat' dir='ltr'>om.</span> <span class='ocrx_word' id='word_1_306' title='bbox 1063 3882 1087 3918; x_wconf 87' lang='lat' dir='ltr'><strong><em>w</em></strong></span> <span class='ocrx_word' id='word_1_307' title='bbox 1139 3863 1212 3933; x_wconf 88' lang='lat' dir='ltr'>cum]</span> <span class='ocrx_word' id='word_1_308' title='bbox 1231 3863 1330 3931; x_wconf 87' lang='lat' dir='ltr'>quinb</span> 
     </span>
     <span class='ocr_line' id='line_1_35' title="bbox 190 3946 1329 4019; baseline 0.004 -20"><span class='ocrx_word' id='word_1_309' title='bbox 190 3947 221 4000; x_wconf 81' lang='lat'>14</span> <span class='ocrx_word' id='word_1_310' title='bbox 239 3946 423 4015; x_wconf 74' lang='lat' dir='ltr'>cognoscendo</span> <span class='ocrx_word' id='word_1_311' title='bbox 440 3966 460 4002; x_wconf 83' lang='grc'>2</span> <span class='ocrx_word' id='word_1_312' title='bbox 550 3952 582 4003; x_wconf 81' lang='lat'>15</span> <span class='ocrx_word' id='word_1_313' title='bbox 600 3948 753 4017; x_wconf 84' lang='lat' dir='ltr'>primaeque</span> <span class='ocrx_word' id='word_1_314' title='bbox 771 3950 920 4002; x_wconf 87' lang='lat' dir='ltr'>iuuentutis</span> <span class='ocrx_word' id='word_1_315' title='bbox 939 3951 987 4017; x_wconf 81' lang='lat' dir='ltr'>bu,</span> <span class='ocrx_word' id='word_1_316' title='bbox 1006 3950 1091 4018; x_wconf 89' lang='lat' dir='ltr'>prime</span> <span class='ocrx_word' id='word_1_317' title='bbox 1109 3968 1141 4016; x_wconf 83' lang='lat' dir='ltr'>w,</span> <span class='ocrx_word' id='word_1_318' title='bbox 1163 3950 1251 4019; x_wconf 89' lang='lat' dir='ltr'>primo</span> <span class='ocrx_word' id='word_1_319' title='bbox 1273 3950 1329 4006; x_wconf 83' lang='lat' dir='ltr'>Ool.</span> 
     </span>
     <span class='ocr_line' id='line_1_36' title="bbox 191 4031 1330 4105; baseline 0.004 -20"><span class='ocrx_word' id='word_1_320' title='bbox 191 4031 283 4086; x_wconf 82' lang='lat' dir='ltr'>audiat</span> <span class='ocrx_word' id='word_1_321' title='bbox 295 4034 319 4101; x_wconf 85' lang='lat' dir='ltr'>b,</span> <span class='ocrx_word' id='word_1_322' title='bbox 338 4033 420 4087; x_wconf 87' lang='lat' dir='ltr'>audet</span> <span class='ocrx_word' id='word_1_323' title='bbox 430 4052 451 4087; x_wconf 83' lang='grc'>2</span> <span class='ocrx_word' id='word_1_324' title='bbox 499 4037 531 4089; x_wconf 91' lang='lat'>16</span> <span class='ocrx_word' id='word_1_325' title='bbox 545 4051 658 4102; x_wconf 85' lang='lat' dir='ltr'>nemque</span> <span class='ocrx_word' id='word_1_326' title='bbox 671 4038 827 4092; x_wconf 77' lang='grc'>22222021.</span> <span class='ocrx_word' id='word_1_327' title='bbox 875 4038 905 4091; x_wconf 80' lang='lat'>17</span> <span class='ocrx_word' id='word_1_328' title='bbox 924 4035 1044 4105; x_wconf 88' lang='lat' dir='ltr'>claritas]</span> <span class='ocrx_word' id='word_1_329' title='bbox 1063 4035 1149 4104; x_wconf 87' lang='lat' dir='ltr'>gloria</span> <span class='ocrx_word' id='word_1_330' title='bbox 1165 4055 1189 4092; x_wconf 87' lang='lat' dir='ltr'><strong><em>w</em></strong></span> <span class='ocrx_word' id='word_1_331' title='bbox 1233 4041 1263 4091; x_wconf 90' lang='lat' dir='ltr'>ut</span> <span class='ocrx_word' id='word_1_332' title='bbox 1281 4037 1330 4090; x_wconf 86' lang='lat' dir='ltr'>flos</span> 
     </span>
     <span class='ocr_line' id='line_1_37' title="bbox 188 4116 1329 4191; baseline 0.005 -20"><span class='ocrx_word' id='word_1_333' title='bbox 188 4116 254 4189; x_wconf 80' lang='lat' dir='ltr'>feni]</span> <span class='ocrx_word' id='word_1_334' title='bbox 273 4119 349 4188; x_wconf 85' lang='lat' dir='ltr'>quasi</span> <span class='ocrx_word' id='word_1_335' title='bbox 367 4119 416 4173; x_wconf 89' lang='lat' dir='ltr'>floe</span> <span class='ocrx_word' id='word_1_336' title='bbox 435 4120 492 4189; x_wconf 78' lang='lat' dir='ltr'>agri</span> <span class='ocrx_word' id='word_1_337' title='bbox 510 4139 534 4175; x_wconf 84' lang='lat' dir='ltr'><em>w</em></span> <span class='ocrx_word' id='word_1_338' title='bbox 599 4125 631 4179; x_wconf 90' lang='grc'>18</span> <span class='ocrx_word' id='word_1_339' title='bbox 649 4122 746 4176; x_wconf 89' lang='lat' dir='ltr'>cecidit</span> <span class='ocrx_word' id='word_1_340' title='bbox 763 4142 786 4176; x_wconf 81' lang='grc'>22</span> <span class='ocrx_word' id='word_1_341' title='bbox 853 4126 884 4178; x_wconf 81' lang='grc'>19</span> <span class='ocrx_word' id='word_1_342' title='bbox 903 4123 973 4176; x_wconf 93' lang='lat' dir='ltr'>unde</span> <span class='ocrx_word' id='word_1_343' title='bbox 993 4125 1041 4191; x_wconf 83' lang='lat' dir='ltr'>bu,</span> <span class='ocrx_word' id='word_1_344' title='bbox 1059 4123 1121 4176; x_wconf 88' lang='lat' dir='ltr'>ideo</span> <span class='ocrx_word' id='word_1_345' title='bbox 1138 4143 1162 4179; x_wconf 85' lang='lat' dir='ltr'><strong><em>w</em></strong></span> <span class='ocrx_word' id='word_1_346' title='bbox 1184 4124 1240 4180; x_wconf 83' lang='lat' dir='ltr'>Cot.</span> <span class='ocrx_word' id='word_1_347' title='bbox 1303 4129 1329 4178; x_wconf 85' lang='lat' dir='ltr'>et</span> 
     </span>
     <span class='ocr_line' id='line_1_38' title="bbox 187 4206 1331 4279; baseline 0.006 -18"><span class='ocrx_word' id='word_1_348' title='bbox 187 4223 236 4261; x_wconf 80' lang='lat' dir='ltr'>cm.</span> <span class='ocrx_word' id='word_1_349' title='bbox 255 4224 279 4261; x_wconf 86' lang='lat' dir='ltr'><strong><em>w</em></strong></span> <span class='ocrx_word' id='word_1_350' title='bbox 331 4206 432 4260; x_wconf 86' lang='lat' dir='ltr'>aeterni</span> <span class='ocrx_word' id='word_1_351' title='bbox 449 4226 469 4262; x_wconf 85' lang='lat' dir='ltr'>u</span> <span class='ocrx_word' id='word_1_352' title='bbox 520 4209 554 4263; x_wconf 88' lang='grc'>20</span> <span class='ocrx_word' id='word_1_353' title='bbox 573 4208 698 4262; x_wconf 87' lang='lat' dir='ltr'>redimini</span> <span class='ocrx_word' id='word_1_354' title='bbox 717 4228 740 4263; x_wconf 85' lang='lat' dir='ltr'><em>w</em></span> <span class='ocrx_word' id='word_1_355' title='bbox 794 4213 825 4264; x_wconf 82' lang='lat'>21</span> <span class='ocrx_word' id='word_1_356' title='bbox 847 4210 957 4279; x_wconf 88' lang='lat' dir='ltr'>clamat]</span> <span class='ocrx_word' id='word_1_357' title='bbox 977 4211 1031 4264; x_wconf 68' lang='lat' dir='ltr'>elit</span> <span class='ocrx_word' id='word_1_358' title='bbox 1048 4229 1068 4265; x_wconf 85' lang='lat' dir='ltr'>u</span> <span class='ocrx_word' id='word_1_359' title='bbox 1121 4211 1290 4266; x_wconf 86' lang='lat' dir='ltr'>admirabilia</span> <span class='ocrx_word' id='word_1_360' title='bbox 1307 4232 1331 4268; x_wconf 85' lang='lat' dir='ltr'><em>w</em></span> 
     </span>
     <span class='ocr_line' id='line_1_39' title="bbox 187 4291 1194 4354; baseline 0.005 -5"><span class='ocrx_word' id='word_1_361' title='bbox 187 4294 220 4349; x_wconf 82' lang='grc'>22</span> <span class='ocrx_word' id='word_1_362' title='bbox 239 4291 346 4347; x_wconf 90' lang='lat' dir='ltr'>domine</span> <span class='ocrx_word' id='word_1_363' title='bbox 365 4292 429 4347; x_wconf 85' lang='lat' dir='ltr'>deno</span> <span class='ocrx_word' id='word_1_364' title='bbox 447 4312 471 4349; x_wconf 85' lang='lat' dir='ltr'><strong><em>w</em></strong></span> <span class='ocrx_word' id='word_1_365' title='bbox 524 4299 623 4348; x_wconf 84' lang='lat' dir='ltr'>comet</span> <span class='ocrx_word' id='word_1_366' title='bbox 642 4295 829 4351; x_wconf 76' lang='lat' dir='ltr'>dodamin</span> <span class='ocrx_word' id='word_1_367' title='bbox 848 4297 971 4352; x_wconf 66' lang='lat' dir='ltr'>eadee</span> <span class='ocrx_word' id='word_1_368' title='bbox 1024 4300 1058 4353; x_wconf 89' lang='grc'>23</span> <span class='ocrx_word' id='word_1_369' title='bbox 1076 4298 1152 4353; x_wconf 86' lang='lat' dir='ltr'>atriis</span> <span class='ocrx_word' id='word_1_370' title='bbox 1170 4317 1194 4354; x_wconf 86' lang='lat' dir='ltr'><strong><em>w</em></strong></span> 
     </span>
    </p>

    <p class='ocr_par' dir='ltr' id='par_1_8' title="bbox 310 4387 1169 4436">
     <span class='ocr_line' id='line_1_40' title="bbox 310 4387 1169 4436; baseline 0.003 -4"><span class='ocrx_word' id='word_1_371' title='bbox 310 4391 315 4398; x_wconf 82' lang='lat'><strong><em>&#39;</em></strong></span> <span class='ocrx_word' id='word_1_372' title='bbox 1120 4387 1169 4436; x_wconf 74' lang='lat' dir='ltr'>lo*</span> 
     </span>
    </p>
   </div>
   <div class='ocr_carea' id='block_1_7' title="bbox 0 0 1527 4770">
    <p class='ocr_par' dir='ltr' id='par_1_9' title="bbox 0 0 1527 4770">
     <span class='ocr_line' id='line_1_41' title="bbox 0 0 1527 4770; baseline 0 0"><span class='ocrx_word' id='word_1_373' title='bbox 0 0 1527 4770; x_wconf 95' lang='lat' dir='ltr'> </span> 
     </span>
    </p>
   </div>
  </div>
 </body>
</html>
