3036 4770
556 327 699 396 epistula
717 327 868 389 xxxvnl,
888 344 909 383 c.
922 330 1015 384 8-11.
1291 311 1355 376 333

216 502 302 565 taciti
329 502 411 565 ruris
438 501 601 582 adamasti,
632 521 694 566 uon
721 503 820 567 otium
848 504 971 586 nogotio
994 505 1172 586 praeferens
1200 523 1300 587 neque
1323 509 1354 568 te

216 606 443 670 ecclesiasticae
466 606 594 670 utilitati
617 606 814 686 subtrahens,
838 607 893 671 sed
912 608 973 670 iam
994 626 1072 689 pene
1093 608 1268 672 forensibus
1289 612 1355 672 tur-

215 709 264 773 bis
292 711 431 775 aemulos
460 712 661 776 ecclesiarum
689 712 844 777 tumultus
873 717 905 777 et
935 713 1064 777 concilia
1094 714 1235 795 inquieta
1262 713 1355 777 decli-

217 832 304 878 nans.
328 815 460 879 arbitror
484 820 588 879 autem
615 816 646 879 id
672 817 776 899 ipsum
800 816 971 881 maioribus
995 817 1143 881 ecclesiae
1166 818 1354 882 utilitatibus

176 949 189 987 a
216 920 402 1001 praeparari,
433 919 515 1000 quod
542 920 661 984 salubri
686 921 813 985 consilio
836 921 1033 987 instructioni
1056 925 1182 986 sanctae
1206 939 1299 986 uaoas
1323 926 1355 986 et

215 1023 354 1087 intentus
377 1023 489 1087 studiis
513 1024 715 1107 spiritalibus
739 1024 851 1106 quibus
875 1025 1008 1090 solitudo
1031 1026 1133 1090 amica
1156 1030 1213 1106 est,
1237 1027 1353 1090 formas

215 1127 298 1190 inte
327 1127 437 1191 cotidie
465 1127 691 1209 confirmasque
715 1127 885 1209 Christum,
916 1148 975 1210 quo
1004 1134 1036 1193 et
1063 1148 1172 1193 seruus
1197 1131 1300 1194 utilior
1324 1133 1354 1193 at

217 1232 365 1314 magister
393 1232 509 1297 doctior
536 1232 709 1315 digniorem
737 1236 768 1296 te
797 1250 833 1296 ea
859 1234 891 1297 in
915 1252 975 1314 qua
1003 1237 1080 1298 nutu
1105 1234 1153 1298 dei
1176 1234 1296 1318 positus
1321 1252 1354 1297 es

215 1335 286 1399 sede
317 1334 469 1419 perficias,
503 1354 595 1419 opere
625 1337 741 1419 pariter
775 1341 807 1400 et
839 1338 935 1402 uerbo
965 1343 1087 1420 potens,
1121 1342 1157 1402 ut-
1182 1339 1290 1423 liugua
1324 1342 1353 1402 et

162 1471 189 1508 ro
216 1446 319 1503 mente
341 1439 399 1503 tibi
412 1458 553 1505 ⁴concors
581 1460 689 1506 ueram
712 1445 743 1505 te
770 1442 957 1524 apostolicae
980 1441 1163 1525 disciplinae
1185 1443 1353 1506 formulam

215 1544 363 1625 praebeas
387 1545 545 1628 praecepti
569 1545 713 1609 dominici
736 1549 844 1610 auctor
867 1550 898 1610 et
921 1545 1037 1610 doctor.
1065 1547 1109 1610 ita
1131 1547 1258 1610 demum
1281 1565 1354 1611 cou-

214 1647 311 1711 stabit
338 1667 397 1712 non
422 1649 559 1714 humano
587 1650 734 1734 suffragio
762 1649 816 1713 sed
839 1651 944 1716 diuino
968 1655 999 1714 te
1026 1669 1093 1715 esse
1117 1651 1229 1715 iudicio
1252 1669 1354 1715 sacer-

215 1751 327 1815 dotem.
901 1824 908 1831 ⁶

260 1857 308 1919 11.
332 1856 420 1937 Quod
447 1858 510 1922 iam
532 1859 658 1940 probari
686 1863 716 1923 et
739 1860 799 1922 fide
827 1863 859 1923 et
887 1861 952 1924 uita
974 1864 1029 1923 tua
1055 1860 1195 1941 credens,
1225 1864 1298 1943 peto
1323 1864 1353 1924 et

161 1989 186 2027 15
214 1960 341 2043 inpense
364 1979 449 2045 rogo,
473 1966 508 2026 nt
531 1982 587 2027 nos
611 1982 735 2047 semper
754 1964 945 2028 orationibus
966 1964 1028 2029 tuis
1048 1964 1187 2048 inplices,
1210 1965 1353 2046 quotiens

214 2065 306 2129 luerit
321 2066 450 2145 occasio,
474 2066 586 2130 litteris
601 2068 737 2131 reuisere
753 2068 889 2132 studeas
915 2068 995 2150 quod
1012 2068 1137 2150 quidem
1158 2086 1176 2132 a
1192 2071 1222 2132 te
1238 2087 1353 2132 munus

213 2174 360 2234 nontam
383 2169 476 2234 officii
500 2171 641 2254 capiendi
662 2172 791 2255 cupidus
812 2191 907 2254 quarn
927 2172 1024 2237 animi
1044 2171 1203 2236 reficiendi
1223 2172 1352 2236 studens

214 2274 312 2357 exigo,
335 2278 369 2338 ut
394 2277 426 2337 et
448 2274 594 2338 solatium
617 2276 754 2340 caritatis
778 2282 809 2340 et
831 2275 980 2359 gaudium
1004 2276 1097 2340 simul
1121 2277 1253 2359 capiam,
1280 2294 1352 2339 curn

213 2381 244 2442 te
273 2379 335 2442 mei
366 2397 538 2442 memorem
568 2380 601 2443 in
629 2380 762 2463 negotiis
790 2381 908 2444 sanctis
937 2397 973 2444 ac
1000 2381 1046 2445 tui
1074 2380 1255 2464 diligentem
1282 2399 1354 2462 pro-

160 2510 186 2547 so
213 2483 294 2546 fectu
322 2483 468 2547 scientiae
496 2483 644 2565 spiritalis
672 2489 703 2547 et
729 2485 890 2548 intellectu
918 2484 1056 2548 ardentis
1080 2485 1111 2548 in
1136 2484 1229 2548 deum
1252 2484 1352 2548 cordis

212 2585 319 2669 legens
349 2587 465 2666 uidero,
498 2605 559 2651 nou
590 2587 653 2651 iam
680 2591 711 2652 te
739 2588 776 2651 de
807 2607 949 2652 sermone
980 2589 1103 2652 uirtutis
1131 2589 1162 2651 id
1190 2591 1238 2652 est
1264 2606 1353 2669 prae-

212 2690 366 2754 dicatione
390 2690 513 2771 Christi,
538 2692 592 2755 sed
615 2692 653 2755 de
677 2692 791 2756 uirtute
814 2693 913 2776 ipsius
936 2693 1089 2757 sermonis
1112 2691 1298 2775 expendens,
1322 2692 1353 2755 id

213 2798 314 2858 estut
334 2796 457 2859 credere
477 2799 508 2859 te
524 2795 684 2860 Christum
700 2797 804 2860 lesum
826 2796 1005 2861 crucifixum
1027 2796 1187 2861 dominum
1209 2800 1241 2860 et
1260 2796 1352 2859 deum

212 2900 365 2982 loquendo
394 2901 509 2983 pariter
544 2904 575 2965 et
607 2900 743 2965 uiue'ndo
774 2901 949 2982 confirmes,
984 2902 1058 2983 quia
1093 2901 1202 2965 eodem
1237 2900 1351 2965 affectu

159 3029 185 3067 25
212 3008 361 3086 gestare
399 3004 575 3068 debemus
613 3005 812 3088 imaginem
851 3005 1028 3070 caelestis
1065 3005 1241 3085 hominis,
1283 3023 1352 3086 quo

211 3109 394 3190 gessimus
429 3112 514 3173 aute
548 3109 698 3173 terreni.
745 3110 882 3191 alioquin
912 3109 992 3192 quod
1027 3113 1170 3174 nostrum
1204 3113 1254 3173 est
1282 3109 1352 3190 quis

211 3212 298 3276 dabit
321 3212 420 3293 nobiS,
451 3213 476 3276 si
504 3230 565 3277 non
588 3213 740 3276 norimus
767 3216 833 3277 tarn
856 3213 963 3277 fideles
992 3213 1023 3277 in
1047 3216 1153 3277 nostro
1176 3230 1270 3294 quam
1293 3212 1352 3275 fui-

213 3317 337 3380 masin
365 3316 486 3381 alieno?
524 3317 555 3380 in
583 3317 641 3380 hoc
669 3317 752 3381 enirn
780 3318 856 3381 iacti
883 3336 1002 3397 sumus,
1033 3316 1168 3380 utboni
1196 3317 1294 3379 simus
1322 3319 1354 3379 et

213 3424 317 3484 nostro
340 3421 514 3484 seruiamus
538 3422 669 3494 auctorir
693 3426 802 3486 contra
824 3421 912 3485 cuius
927 3426 1096 3505 praecepta
1115 3422 1257 3485 urentes
1277 3419 1352 3483 uitio

317 3621 359 3688 ιι]
379 3618 417 3681 (11
436 3618 527 3673 'rhess
540 3621 564 3682 a,
578 3620 612 3687 e).
666 3618 711 3687 25]
731 3617 744 3670 1
763 3618 821 3674 cor.
837 3622 877 3681 rs,
890 3621 931 3674 rc.
986 3620 1031 3687 27]
1051 3616 1125 3685 (aue.
1140 3621 1181 3681 ro,
1197 3619 1246 3686 ra).

256 3811 410 3865 daemulns
433 3813 459 3866 U
520 3810 595 3880 lid]
615 3808 694 3864 ado
757 3810 911 3865 dlormans
933 3810 956 3861 (l
1018 3809 1123 3876 iqnod
1146 3811 1173 3865 U
1230 3809 1308 3878 aaa]
1327 3809 1350 3862 ei

635 3871 643 3910 l
655 3880 763 3920 ‹liaeipllnu

212 3923 296 3978 FPU
353 3923 461 3991 lilingo
480 3925 515 3977 M
576 3926 608 3979 10
627 3922 764 3976 doctrinae
783 3924 820 3977 M
880 3925 909 3978 ll
930 3925 1004 3975 actor
1022 3922 1125 3977 FPUr
1191 3925 1222 3976 15
1242 3925 1269 3974 et
1286 3937 1351 3990 quo·

212 4010 280 4062 tiens
299 4011 351 4063 Mo
406 4013 437 4064 16
455 4009 553 4063 litteris
571 4009 624 4062 tuis
643 4010 681 4063 M
730 4011 762 4064 18
782 4012 812 4062 ut
830 4009 868 4077 et]
889 4014 918 4061 ut
936 4010 1002 4063 ΒΜ
1052 4012 1083 4063 io
1102 4007 1212 4076 tuiM¹‚
1232 4008 1285 4061 tuis
1303 4014 1349 4063 rel.

211 4095 359 4164 proiectum
373 4098 409 4150 M
458 4099 492 4152 20
511 4095 610 4164 spinalis
624 4097 661 4150 M
710 4095 846 4150 intellectu
863 4114 887 4157 o,
906 4093 1072 4148 intellectum
1086 4113 1107 4146 ω
1161 4094 1248 4148 cordis
1265 4096 1326 4149 cM
1329 4115 1351 4159 r,

212 4191 320 4238 omort.
391 4185 423 4237 21
448 4182 651 4250 praedicationis
674 4184 739 4237 Lo!
806 4185 839 4238 22
863 4181 889 4234 id
912 4199 944 4237 er
967 4185 998 4235 ut
1018 4182 1044 4236 L
1115 4176 1349 4237 2311111111.

212 4272 244 4324 24
265 4269 378 4322 uidendo
401 4272 423 4321 (r
476 4272 510 4323 27
529 4268 605 4322 nobis
623 4286 673 4323 cnr.
693 4269 778 4324 FPU
828 4268 940 4337 luimus]
959 4267 1090 4321 fuerimus
1108 4269 1194 4323 FPU
