3052 4784
559 337 705 405 epistula
722 336 862 400 XXVIIII,
882 353 903 391 e.
919 340 1028 393 11-12.
1298 321 1361 386 259

218 530 278 593 que
301 528 432 575 occursu
455 515 585 595 excepta
607 530 678 577 mon
700 512 814 577 Nolam
839 513 878 576 ad
900 513 1086 577 humilitatis
1110 516 1235 578 nostrae
1257 514 1362 597 hospi-

217 616 296 680 tium
330 616 505 696 destinauit,
544 634 604 699 quo
642 617 731 682 nobis
769 618 897 682 aduenit
934 617 1099 682 ambitioso
1137 619 1362 683 didssimorum

217 721 384 803 pignorum
415 722 534 785 uallata
563 724 723 786 comitatu.
769 723 905 787 uidimus
935 723 1067 805 gloriam
1099 722 1217 786 domini
1246 723 1278 785 in
1307 723 1361 787 illo

217 826 326 889 matris
350 829 381 889 et
403 825 538 890 filiorum
555 827 674 907 itinere,
696 825 775 910 (qui)
794 826 918 909 quidem
942 828 973 890 in
998 844 1044 906 eo,
1067 827 1122 890 sed
1137 827 1230 910 longe
1246 827 1362 909 dispari

178 953 191 992 ⁵
218 929 320 1010 cultu,
355 948 460 994 macro
494 930 582 994 illam
616 935 647 994 et
680 931 787 994 uiliore
821 931 926 995 asellis
961 930 1066 994 burico
1101 930 1262 995 sedentem
1296 935 1362 995 tota

217 1034 310 1098 huius
334 1035 451 1099 saeculi
471 1053 587 1119 pompa
607 1053 667 1117 qua
687 1035 829 1099 honorati
850 1040 882 1100 et
905 1037 1043 1119 opulenti
1062 1040 1208 1117 poterant
1230 1037 1361 1100 circum·

217 1137 273 1201 flui
300 1142 460 1203 senatores
490 1139 769 1221 prosequebantur,
800 1140 934 1203 carrucis
965 1139 1161 1220 nutantibus
1192 1140 1360 1222 phaleratis

219 1242 322 1324 aquia,
352 1243 469 1307 auratis
499 1243 626 1325 pilentis
656 1247 689 1307 et
718 1244 874 1326 carpentis
904 1243 1046 1325 pluribus
1082 1248 1229 1327 gemente
1259 1245 1362 1326 Appia

219 1350 312 1427 atque
342 1347 498 1430 fulgente3
530 1348 584 1411 sed
616 1346 833 1429 splendoribus
866 1349 1012 1412 uanitatis
1042 1348 1242 1430 praelucebat
1273 1347 1361 1413 Chri·

165 1474 192 1512 m
218 1451 339 1515 stianae
361 1451 547 1516 humilitatis
567 1453 679 1535 gratia.
704 1451 941 1515 admirabantur
965 1452 1076 1516 diuites
1097 1470 1267 1535 pauperem
1289 1471 1361 1516 sau-

218 1558 316 1630 ctam3
347 1559 380 1619 at
405 1555 474 1620 illos
503 1561 611 1620 nostra
632 1557 796 1639 pauperies
823 1556 955 1621 ridebat.
994 1557 1129 1620 uidimus
1152 1558 1280 1640 dignam
1304 1557 1361 1620 deo

218 1659 311 1722 huius
345 1660 455 1723 mundi
491 1660 722 1740 confusionem,
759 1679 950 1744 purpuream
987 1662 1117 1724 sericam
1156 1665 1361 1743 auratamque

218 1763 446 1845 supellectilem
468 1765 580 1848 pannis
607 1765 766 1829 ueteribus
791 1769 822 1829 et
845 1766 941 1848 nigris
965 1766 1162 1829 seruientem.
1201 1764 1361 1829 benedixi-

217 1886 288 1932 mus
316 1869 488 1949 dominum,
521 1870 574 1951 qui
600 1869 763 1934 humiles
792 1874 828 1934 et
854 1871 1021 1934 excelsos
1050 1870 1143 1933 facit
1169 1870 1360 1953 sapientes

165 1994 191 2033 ra
218 1976 254 2037 et
276 1973 397 2055 inplet
418 1972 525 2038 bonis
549 1977 586 2038 et
608 1974 746 2038 diuites
768 1974 930 2038 dimittit
951 1975 1092 2038 inanes.
1117 1973 1149 2037 in
1170 1975 1237 2038 istis
1253 1978 1360 2038 tamen

218 2076 369 2141 diuitibus
404 2078 513 2142 eadem
547 2078 596 2142 die
631 2078 669 2141 do
702 2079 853 2142 maternis
886 2078 977 2142 bonis
1011 2097 1180 2161 pauperem
1215 2079 1360 2160 spiritum

218 2181 434 2264 stupebamus,
465 2183 518 2264 qui
545 2183 646 2267 magis
674 2186 784 2247 sancta
811 2183 921 2246 matris
948 2183 1053 2265 inopia
1080 2201 1174 2265 quarn
1201 2200 1259 2246 sua
1284 2183 1360 2246 uisi-

217 2284 274 2349 bili
305 2284 498 2350 abundantia
524 2285 747 2370 gloriabantur.
786 2287 817 2350 id
847 2287 951 2369 ipsum
981 2290 1087 2350 autem
1117 2287 1216 2369 gloria
1243 2286 1360 2349 domini

218 2389 383 2454 uidebatur
406 2391 537 2473 operari,
568 2392 649 2473 quod
673 2392 823 2474 egenulae
847 2395 971 2455 nostrae
994 2391 1118 2454 diuitias
1141 2391 1173 2455 in
1197 2391 1263 2454 eius
1287 2390 1359 2454 filiis

164 2516 193 2556 so
218 2493 435 2575 intuebamur,
469 2498 504 2559 ut
537 2496 600 2559 iam
630 2496 703 2560 hine
732 2496 870 2559 fructum
900 2494 972 2559 fidei
1006 2514 1081 2559 suae
1114 2499 1253 2578 caperet,
1288 2513 1359 2559 cum

218 2599 381 2663 uictoriam
415 2617 506 2664 suam
536 2599 574 2663 de
604 2601 695 2665 huius
731 2601 848 2664 saeculi
882 2601 1020 2664 uanitate
1054 2600 1123 2682 ipsa
1155 2601 1359 2681 despectaret,

218 2704 392 2768 comminue
419 2704 530 2768 uidens
559 2705 665 2768 omnia
690 2723 770 2786 quae
797 2707 923 2788 propter
948 2703 1108 2768 Christum
1135 2705 1301 2785 reliquerat
1328 2706 1359 2768 et

217 2812 417 2873 contemnere
440 2813 666 2892 perseueraret.
700 2810 747 2873 illi
770 2810 894 2873 sericati
918 2813 949 2873 et
971 2827 1027 2892 pro
1050 2828 1106 2874 suo
1130 2810 1261 2891 quisque
1285 2827 1359 2872 sexu

217 2916 290 2996 toga
313 2917 367 2978 aut
389 2915 470 2978 stola
491 2914 575 2978 soliti
597 2914 760 2997 splendere
782 2914 839 2978 filii
863 2932 1002 2978 crassam
1024 2914 1112 2977 illam
1135 2915 1222 2978 uelut
1244 2913 1359 2996 spartei

323 3172 367 3242 14]
386 3173 400 3227 Ι
418 3173 482 3242 Reg.
495 3175 521 3239 2,
534 3177 558 3229 7.
615 3173 658 3243 15]
677 3173 741 3228 Luc.
756 3177 779 3238 1,
792 3176 833 3231 53.

260 3417 494 3486 tque-aduenit
512 3435 562 3474 om.
582 3419 618 3473 Μ
682 3417 833 3473 dfiliorum
852 3419 921 3488 LM,
939 3417 1057 3472 filiarum
1075 3425 1121 3474 cet.
1186 3418 1231 3487 qui
1250 3419 1358 3488 quidem

217 3504 246 3558 iu
263 3521 294 3559 eo
311 3507 420 3575 scripsi,
447 3505 555 3574 quidem
573 3505 601 3558 in
620 3521 650 3558 eo
672 3506 816 3574 FMOPo,
842 3506 870 3559 in
893 3521 923 3559 eo
946 3506 1054 3574 quidem
1077 3507 1146 3573 LM,
1173 3506 1281 3573 quidem
1304 3522 1358 3559 uno

216 3592 304 3647 Rosro.
359 3593 552 3661 6poteruutO
604 3593 748 3648 ‘leerrucis
766 3594 792 3648 U
841 3593 1039 3662 8pilaentisL
1058 3593 1098 3660 (ae
1116 3611 1148 3648 aa
1167 3594 1192 3661 a)
1244 3596 1358 3661 totque

215 3677 314 3748 {flente
333 3677 362 3747 (fl
380 3681 412 3732 in
428 3681 494 3748 ras.)
513 3681 539 3734 L
602 3682 632 3735 11
653 3678 687 3732 ad
706 3679 801 3734 FOP¹
854 3678 985 3749 irridebat
1002 3681 1040 3734 M
1095 3682 1126 3735 12
1145 3696 1302 3749 paupeream
1327 3680 1357 3746 0,

216 3782 318 3835 pauper
335 3767 464 3823 eaFPU
513 3783 630 3820 serecam
647 3768 674 3822 U
726 3769 757 3822 13
775 3766 1017 3836 superlectilemO
1071 3769 1104 3822 14
1121 3770 1148 3820 et
1169 3767 1220 3834 Oa,
1239 3785 1290 3824 om.
1310 3773 1356 3823 cet.

216 3853 349 3922 sapientes
367 3852 483 3921 FOPU,
502 3853 647 3908 esurientes
665 3854 734 3922 LM,
753 3854 885 3923 sapientes
904 3855 1050 3907 esurientes
1067 3873 1084 3909 rr
1146 3857 1178 3910 15
1192 3871 1237 3923 pr.
1257 3857 1285 3907 et
1306 3853 1357 3923 Oo,

216 3946 327 3996 ωηατ.
383 3942 415 3995 16
434 3939 476 3993 die
489 3940 586 4005 Roaw,
606 3939 648 3993 dei
660 3941 826 4010 FLOPUo,
844 3940 887 3994 dei
899 3941 1036 4009 gratiaM
1085 3941 1173 4009 sde
1227 3942 1258 3996 18
1275 3938 1357 3995 abon-

217 4026 309 4081 dantia
328 4027 399 4082 F¹P
458 4027 544 4095 gloria
566 4028 617 4095 Oe,
636 4028 724 4096 gratia
742 4035 788 4083 cet.
850 4030 884 4083 20
903 4028 1016 4097 utiam]
1036 4028 1141 4082 utinam
1160 4027 1245 4082 FPU
1293 4027 1356 4081 fidei

216 4129 280 4168 suae
297 4113 417 4168 fructum
435 4115 472 4168 Μ
539 4116 569 4170 21
595 4114 756 4183 dispectaret
774 4116 859 4171 FPU
919 4118 953 4170 22
976 4115 1176 4170 cummInusO
1245 4117 1280 4169 23
1296 4131 1357 4184 per·

215 4203 321 4255 seuerat
346 4199 419 4269 01³¹,
441 4205 621 4270 perseueraret
638 4201 737 4258 FP'U
797 4202 900 4255 seritati
924 4203 951 4258 U
1010 4204 1044 4257 24
1062 4201 1195 4257 stholaO
1256 4201 1356 4271 spartei

217 4287 271 4357 Po,
289 4290 377 4357 sparte
396 4286 528 4357 mod,
546 4288 630 4358 sparti
648 4288 700 4358 F’,
719 4291 808 4360 sparte
827 4290 865 4344 Μ

1152 4378 1200 4428 1²*
