3036 4770
560 309 731 364 S.Peulini
749 309 867 364 Nolani
886 309 1031 379 episcopi

382 485 423 550 Et
445 486 517 567 quia
539 487 689 552 caelestes
712 487 818 551 aulam
841 485 996 551 condebat
1016 484 1050 549 in
1071 487 1173 564 actus,

424 589 493 671 Qua
514 594 742 657 renouarentur
764 591 849 656 fonte
873 591 991 672 deoque
1013 589 1168 669 homines,

382 693 488 778 Digna
510 696 714 760 sacramentis
737 694 865 778 gemina
887 694 945 759 sub
968 693 1106 777 imagine
1128 692 1239 775 pinxit,

423 798 567 865 Disceret
587 803 624 864 ut
646 801 729 863 uitae
753 799 835 864 dona
856 802 982 864 renatus
1005 799 1109 863 homo.

379 902 553 967 Martinam
576 904 755 968 ueneranda
777 904 836 968 uiri
859 906 992 968 testatur
1013 902 1128 986 imago,

422 1005 534 1072 Altera
556 1007 724 1072 Paulinum
747 1009 849 1073 forma
870 1008 966 1072 refert
987 1007 1150 1071 humilem.

380 1110 438 1176 Ille
462 1112 556 1176 fidem
580 1113 729 1196 exemplis
753 1117 784 1177 et
806 1113 896 1177 dictis
919 1111 1053 1177 fortibus
1076 1114 1189 1191 armat,

424 1216 467 1279 Vt
490 1216 595 1281 meriti
617 1217 739 1298 palmas
763 1217 951 1281 intemerata
972 1216 1068 1290 ierat;

290 1346 296 1355 ·
379 1319 444 1384 Iste
468 1320 557 1385 docet
578 1321 657 1385 fusis
680 1321 838 1385 redimens
862 1339 919 1385 sua
940 1321 1073 1385 crimina
1095 1320 1245 1399 nummis,

424 1424 521 1489 Vilior
543 1428 580 1489 ut
602 1425 644 1489 sit
666 1445 716 1489 res
739 1443 834 1506 quam
857 1443 915 1489 sua
937 1424 1047 1506 cuique
1070 1425 1166 1488 salus.
1399 1448 1426 1488 ro

267 1632 297 1697 4.
322 1633 413 1699 Certe
435 1632 585 1717 probatur
611 1635 674 1699 iam
701 1639 733 1700 te
759 1653 822 1699 non
848 1634 1013 1698 ridendum
1039 1634 1203 1717 magisque
1229 1634 1370 1718 proban·

224 1738 309 1817 dum,
340 1739 367 1802 si
393 1738 452 1803 hac
480 1742 605 1802 tantum
634 1739 752 1803 ratione
779 1739 962 1821 longissime
992 1739 1160 1803 dissimiles
1189 1740 1369 1804 comminus

223 1842 361 1925 pinxisse
383 1842 529 1923 uidearis,
552 1846 588 1906 ut
610 1844 641 1906 in
658 1843 793 1907 Martino
816 1844 917 1907 forma
939 1843 1077 1907 iustitiae
1101 1846 1132 1907 et
1154 1861 1280 1907 summa
1301 1844 1369 1908 uir·

224 1949 338 2028 tutum,
372 1948 404 2011 in
435 1945 525 2012 nobis
556 1948 761 2012 conscientiae
791 1947 962 2028 iniquitatis
996 1947 1121 2013 obtritio
1151 1951 1184 2011 et
1212 1947 1369 2013 confessio

224 2056 412 2132 cerneretur,
444 2056 479 2117 ut
506 2055 538 2116 et
561 2052 661 2116 beatis
690 2052 866 2134 exemplum
888 2054 1011 2135 pateret
1037 2054 1068 2115 et
1094 2051 1226 2130 numeris,
1256 2052 1288 2115 in
1311 2052 1368 2116 illo
1398 2071 1425 2110 1⁵

224 2157 387 2239 speculum
414 2156 573 2236 fortitudo,
603 2157 636 2219 in
663 2156 752 2220 nobis
780 2157 927 2220 solatium
953 2154 1083 2220 haberet
1108 2155 1244 2238 ignauia,
1274 2155 1369 2219 illum

223 2261 420 2324 intuerentur
450 2261 504 2342 qui
529 2263 731 2343 praeceptum
763 2260 942 2324 sufficerent
972 2261 1092 2343 inplere
1122 2258 1301 2338 uirtutibus,
1334 2261 1369 2326 iu

224 2363 313 2429 nohis
341 2365 575 2429 consolarentur
597 2366 648 2446 qui
675 2364 849 2427 remedium
875 2364 994 2428 uellent
1021 2363 1142 2428 adferre
1168 2362 1368 2444 criminibus,

223 2469 297 2550 quia
318 2469 513 2533 innocentiae
536 2468 649 2532 fiducia
670 2468 828 2532 destitutis
856 2470 887 2531 et
909 2486 989 2532 nexu
1012 2467 1184 2549 iniquitatis
1207 2467 1368 2532 adstrictis

224 2574 290 2638 sola
312 2577 347 2638 ut
369 2572 499 2656 captiuis
522 2576 627 2656 potest
649 2572 821 2656 redemptio
844 2570 1022 2637 subuenire.
1054 2590 1168 2653 quaeso
1192 2575 1223 2636 te
1245 2576 1368 2653 tamen,
1395 2592 1425 2632 eo

224 2697 262 2742 ne
279 2677 507 2742 oboedientiam
523 2694 627 2742 meam
644 2677 762 2740 crimen
782 2676 891 2756 iacias,
914 2677 941 2741 si
962 2695 1072 2741 uersus
1093 2680 1162 2741 tuos
1182 2676 1252 2741 illos
1270 2677 1368 2740 lumi-

224 2782 273 2846 nis
296 2786 327 2846 et
349 2782 503 2862 fanorum,
535 2782 616 2845 sicut
643 2781 844 2861 denuntiasti,
876 2781 1009 2844 auferas.
1047 2780 1221 2845 uerecunde
1248 2799 1367 2862 quaeso

223 2885 300 2950 illud
327 2887 427 2970 magis
451 2904 544 2967 quam
573 2904 646 2949 uere
674 2885 813 2949 minatus
840 2885 894 2965 sis,
925 2889 956 2949 et
986 2885 1013 2949 si
1039 2885 1116 2949 istos
1145 2884 1367 2950 adscribendos

222 2991 391 3072 putaueriS,
421 2991 468 3054 illi
490 2994 706 3074 permaneant,
736 2992 772 3052 ut
794 2990 906 3052 horum
929 2988 1018 3070 quasi
1041 2989 1220 3072 gemmulae
1246 2989 1310 3052 sint
1334 2992 1367 3054 et

222 3094 340 3158 faciant
362 3095 476 3158 uilibus
499 3095 635 3178 pretium
659 3098 690 3157 et
712 3094 795 3157 claro
819 3098 887 3157 atra
910 3093 1114 3177 distinguent.
1139 3110 1214 3156 sane
1237 3097 1369 3174 accepta
1393 3114 1423 3153 ae

222 3199 348 3264 licentia
370 3199 431 3264 dixi
453 3200 579 3283 linguae
607 3217 706 3279 meae,
736 3216 798 3262 non
825 3199 912 3263 iuxta
936 3199 1131 3282 prophetam,
1162 3201 1198 3262 nt
1224 3201 1369 3262 maneret

221 3304 253 3366 in
283 3305 389 3384 requie
420 3322 477 3368 sua
506 3308 538 3369 et
567 3303 736 3368 custodiret
766 3304 832 3367 uias
863 3321 960 3383 meas,
990 3303 1045 3366 sed
1072 3303 1174 3386 potius
1203 3302 1367 3386 oppositae

222 3407 281 3472 sibi
303 3408 461 3472 custodiae
484 3408 587 3472 frenos
610 3412 779 3491 rumperet,
803 3408 878 3470 dum
902 3407 1033 3471 seruiret
1055 3405 1120 3471 tibi.
1143 3409 1188 3471 ita
1207 3410 1238 3471 te
1259 3406 1365 3489 diligo,

221 3515 257 3576 ut
279 3514 379 3596 magis
403 3513 441 3576 de
464 3531 526 3577 non
549 3511 793 3595 obtemperando
816 3511 872 3576 tibi
896 3530 989 3593 quam
1013 3511 1050 3574 de
1075 3510 1270 3592 multiloquio
1293 3529 1366 3592 pec-

222 3619 327 3681 catum
350 3617 505 3682 timerem.
1392 3634 1420 3673 ao

329 3808 375 3878 as]
395 3808 449 3875 (es.
462 3810 504 3872 se,
518 3809 553 3877 a).
606 3808 653 3877 ao]
672 3808 761 3876 (prou.
777 3810 817 3873 ro,
832 3808 881 3876 re).

265 3973 389 4027 9numis
405 3975 432 4030 U
483 3977 513 4029 11
529 3989 582 4026 non
600 3973 692 4029 coco
744 3972 881 4042 magisque
898 3973 949 4039 Oc,
968 3973 1054 4042 magis
1066 3990 1147 4042 quam
1159 3979 1205 4030 oct.
1261 3972 1364 4030 121οη-

221 4058 386 4126 gissimisU
436 4060 614 4115 conminusO
669 4061 701 4115 14
720 4059 760 4130 in]
780 4063 811 4113 ut
828 4059 859 4114 F
908 4060 1012 4131 conscie
1031 4062 1068 4115 M
1117 4063 1150 4117 15
1168 4060 1197 4113 in
1215 4060 1319 4115 miseris
1336 4062 1368 4117 F

223 4174 255 4227 16
273 4170 401 4225 solacium
418 4172 445 4226 L
500 4176 532 4230 18
550 4172 636 4226 uelint
653 4173 743 4238 FPU,
767 4190 818 4228 om.
837 4174 875 4228 M
907 4132 993 4227 ⁸2ferre
1012 4175 1046 4228 M
1107 4175 1140 4229 19
1158 4172 1291 4226 distitutis
1309 4173 1368 4230 PU

221 4258 252 4312 21
273 4274 362 4312 meum
376 4259 403 4312 L
455 4259 489 4314 22
503 4258 571 4313 illud
584 4276 664 4328 queso
677 4261 714 4314 M
763 4262 797 4315 25
810 4259 999 4328 distingantL
1070 4275 1133 4315 saue
1150 4259 1227 4327 0Po,
1245 4257 1362 4316 sinam.
