3036 4770
532 319 677 391 epistula
694 321 801 385 XXXX,
821 339 842 374 c.
855 324 932 376 4-6.
1239 304 1302 368 345

163 501 287 562 etcum
311 498 378 580 ipso
402 516 469 561 esse
490 497 755 580 permanebimus,
779 498 805 560 si
828 496 972 561 occiderit
995 498 1027 561 in
1051 497 1140 562 nobis
1161 501 1302 580 peccato·

162 621 228 667 rem
258 607 291 666 et
319 604 438 667 iustum
468 602 630 682 creauerit,
661 603 748 683 qnia
777 601 873 666 calix
901 601 1079 686 fragilitatis
1110 605 1234 666 nostrae
1264 603 1301 667 in

162 725 271 771 manu
301 706 454 786 domini,
485 706 519 770 in
549 724 610 787 quo
641 706 738 770 hunc
767 705 941 770 humiliat
968 710 1004 770 et
1030 707 1126 770 hunc
1150 706 1301 772 exaltat.

162 811 221 876 nisi
251 811 334 876 enim
364 810 546 875 humiliatur
574 811 715 891 exterior,
746 827 808 874 non
835 811 989 875 exaltatur
1015 811 1153 875 interior.
1192 829 1228 875 ac
1257 811 1302 875 sic

122 941 136 979 ι
161 915 320 980 occidendi
340 919 371 980 et
390 915 520 979 sanandi
538 915 589 979 uel
605 915 784 979 destruendi
804 918 835 979 et
854 914 1037 979 aedificandi
1052 919 1193 998 tempora
1208 916 1302 980 simul

162 1021 193 1084 in
222 1039 323 1084 unum
352 1038 429 1103 opus
459 1022 582 1099 coeunt,
613 1038 685 1083 cum
709 1019 880 1084 destruitur
907 1020 939 1083 in
968 1019 1056 1084 nobis
1084 1020 1151 1084 uita
1172 1020 1301 1103 peccati,

160 1128 196 1188 ut
218 1123 400 1188 aedificetur
422 1124 488 1188 nita
510 1124 657 1188 iustitiae.
682 1143 783 1206 neque
807 1124 890 1188 anim
914 1123 1070 1188 aedificari
1088 1128 1192 1207 potest
1213 1126 1301 1188 noui·

161 1232 220 1308 tas,
250 1229 311 1292 nisi
338 1228 518 1293 destruatur
544 1232 697 1309 uetustas,
730 1232 785 1293 aut
812 1246 917 1293 amare
940 1246 1106 1311 possumus
1131 1228 1300 1309 christum,

160 1332 220 1396 nisi
243 1350 457 1397 mammonam
479 1333 665 1416 incipiamus
688 1332 800 1397 odisse.
828 1333 883 1397 scd
905 1351 1005 1416 neque
1027 1334 1163 1416 gaudere
1185 1333 1301 1416 poteri·

109 1464 135 1503 ro
161 1454 231 1500 mus
259 1437 290 1500 in
317 1437 369 1500 illc
398 1437 531 1516 saeculo,
562 1437 623 1500 nisi
649 1437 681 1500 in
708 1438 767 1501 istc
790 1436 965 1520 lugeamus,
996 1437 1070 1518 quia
1101 1437 1164 1519 qui
1194 1437 1301 1502 semi·

161 1543 251 1605 nant
273 1541 310 1604 in
332 1541 499 1606 lacrimis
522 1541 560 1604 in
582 1540 717 1624 gaudio
740 1545 892 1605 metent.

203 1643 232 1709 6.
257 1645 412 1709 Conuenit
439 1663 511 1729 crgo
539 1664 621 1709 nunc
647 1645 738 1709 nobis
761 1645 815 1710 illa
837 1645 875 1709 de
898 1645 1028 1727 psalmis
1052 1647 1198 1729 pauperis
1221 1647 1302 1711 anxii

161 1751 192 1812 et
221 1749 358 1832 lugentis
388 1750 497 1830 oratio,
532 1750 704 1832 quoniam
738 1768 817 1832 pene
851 1750 915 1813 iam
948 1750 1171 1814 defecerunt
1204 1751 1302 1815 sicut

160 1854 283 1918 fumus
312 1855 390 1918 dies
418 1855 552 1935 nostri,
584 1859 615 1919 ct
641 1855 774 1918 necdum
799 1855 919 1919 malitia
940 1859 1048 1920 nostra
1070 1855 1190 1920 defecit.
1230 1875 1300 1920 ecce

107 1984 133 2023 rs
163 1960 244 2022 enim
271 1963 394 2024 ueteres
417 1961 522 2043 posuit
545 1958 609 2024 dies
637 1962 759 2024 nostros
783 1960 948 2043 productos
975 1978 1068 2024 cursu
1090 1960 1212 2040 aetatis,
1243 1978 1301 2025 nec

161 2064 277 2146 spargit
300 2064 387 2128 canis
410 2068 514 2147 caput,
543 2064 597 2128 sed
620 2065 780 2147 perfundit
801 2068 955 2145 senectus,
983 2068 1014 2129 et
1036 2083 1092 2130 nos
1115 2065 1215 2128 adhuc
1238 2065 1301 2147 pri-

162 2168 221 2231 mis
257 2171 434 2251 reptantem
471 2168 634 2233 conatibus
672 2169 742 2233 acui
779 2169 926 2250 spiritalis
963 2169 1128 2233 infantiam
1162 2169 1300 2250 paruulis

161 2273 305 2336 sensibus
336 2273 458 2356 agimus
489 2276 521 2337 et
550 2273 601 2337 uin
631 2273 723 2338 modo
750 2273 783 2337 in
810 2273 906 2338 uerbo
934 2273 983 2336 dei
1009 2274 1192 2356 incipientes
1216 2274 1301 2356 loqui
1351 2264 1357 2275 “

162 2381 323 2459 tamquam
352 2378 461 2460 primis
494 2376 625 2441 uocibus
659 2378 764 2441 anima
797 2377 942 2460 uagiente
976 2381 1097 2441 mamm
1129 2381 1160 2441 et
1189 2377 1298 2442 rudem

106 2506 135 2545 ιο
162 2482 277 2545 sanctis
297 2481 411 2545 littoris
431 2482 572 2565 linguam
593 2481 744 2546 soluimus
765 2486 805 2562 ct,
825 2482 981 2564 quondam
1005 2482 1037 2545 in
1057 2481 1169 2546 litteris
1190 2482 1301 2545 huma·

161 2601 272 2649 narum
298 2585 476 2649 fabularum
504 2585 661 2668 loquaces,
688 2604 772 2648 nunc
795 2587 826 2649 in
849 2586 992 2650 ueritatis
1020 2585 1214 2649 balbutimus
1238 2586 1300 2651 olo·

161 2689 251 2770 quiis,
282 2689 434 2754 stultitiae
458 2691 613 2773 sapientes
638 2693 670 2754 et
692 2691 864 2774 sapientiae
887 2690 986 2770 stulti,
1018 2690 1139 2754 robusti
1161 2689 1245 2753 uitiis
1268 2693 1301 2754 et

160 2793 329 2859 uirtutibus
360 2794 461 2858 adhuc
487 2795 597 2875 teneri,
627 2794 679 2858 uix
709 2798 858 2859 nascente
889 2794 928 2858 ad
958 2795 1109 2859 iustitiam
1139 2794 1300 2858 uoluntate

159 2899 275 2962 tirones
297 2902 330 2962 et
351 2903 539 2982 consumpta
567 2899 762 2981 inpeccatis
791 2902 895 2963 aetate
923 2898 1071 2963 ueterani.
1111 2897 1299 2980 aliquamdiu

104 3028 133 3067 aa
161 3002 254 3082 anim,
286 3006 322 3066 ut
348 3007 394 3083 tu,
426 3001 539 3067 Sancte
561 3003 722 3068 benedicte
745 3003 851 3083 frater,
883 3003 1009 3083 acuisti,
1039 3003 1072 3067 in
1094 3002 1152 3066 hoc
1175 3002 1299 3067 saeculo

263 3253 292 3323 a]
311 3254 447 3318 Parae.
501 3253 530 3324 ι]
549 3252 710 3322 (scarae).
766 3252 795 3322 e]
814 3253 1021 3321 (naamam).
1081 3253 1125 3322 rc]
1144 3252 1188 3307 as.
1203 3254 1259 3316 125.
1274 3255 1297 3307 5.

161 3338 206 3409 13]
224 3340 267 3394 as.
283 3343 342 3402 ror,
353 3343 379 3394 ι.

207 3579 219 3631 l
239 3592 300 3630 cum
319 3578 346 3630 et
357 3577 442 3633 FPU
491 3593 547 3629 csse
564 3575 791 3645 permanebimus]
811 3592 915 3645 semper
934 3574 1101 3628 manebimus
1120 3577 1189 3631 coni.
1203 3576 1297 3631 Soccb

159 3662 373 3718 thumiliemur
394 3664 424 3717 r¹
495 3666 523 3716 at
541 3664 627 3720 FPU
693 3663 743 3732 sic]
767 3663 789 3717 si
812 3664 842 3717 F
909 3662 1072 3731 5sanandi]
1091 3660 1247 3716 uiuificandi
1265 3663 1302 3717 Μ

162 3749 285 3806 Cluniae.
343 3749 425 3804 simul
443 3768 493 3805 om.
508 3752 539 3805 F
609 3750 739 3804 inunum
759 3750 839 3804 simul
858 3751 1140 3818 coeuntopusFPU
1192 3749 1299 3803 danim

158 3839 332 3903 om.b,etl
401 3837 626 3907 8aut]nscM,
650 3838 787 3892 haudLr
856 3837 1095 3892 acuisseFm.
1168 3838 1200 3890 12
1223 3834 1298 3890 uobis

159 3924 310 3991 LP¹tllrx
380 3925 450 3978 anxii
469 3943 520 3980 om.
539 3925 624 3982 FPU
706 3927 738 3980 13
756 3941 838 3994 poene
861 3927 903 3982 Ur
968 3925 1021 3978 iam
1039 3940 1105 3993 pene
1122 3925 1160 3989 βλ
1234 3923 1298 3977 defi·

160 4011 290 4064 cieruntt
345 4014 377 4068 14
396 4011 504 4080 defecit]
525 4011 649 4066 deseritt
705 4014 736 4068 15
755 4012 816 4080 nec]
835 4012 915 4065 nisit
970 4014 1002 4066 16
1020 4011 1122 4080 spargit
1138 4013 1165 4067 U
1214 4010 1298 4079 canis]

159 4098 271 4163 anniso
322 4096 462 4167 profundit
479 4099 537 4154 FU
597 4102 628 4154 19
647 4099 750 4168 primus
773 4101 799 4155 U
857 4098 981 4167 augientc
999 4098 1088 4151 anima
1107 4099 1144 4152 M
1201 4096 1296 4151 rudem

158 4186 190 4238 io
207 4184 306 4239 nudam
325 4190 429 4251 coruli
481 4187 514 4241 22
534 4186 665 4254 sapientes
687 4188 714 4243 U
764 4185 866 4239 robusti
885 4203 935 4240 om.
959 4186 986 4241 U
1035 4186 1069 4239 24
1088 4184 1297 4252 alinquandiufl

158 4272 193 4327 25
211 4271 282 4326 enim
301 4277 381 4336 omo
434 4274 464 4326 tu
482 4272 584 4342 sancte]
603 4289 665 4327 cnm
683 4275 774 4327 sancte
787 4272 837 4340 P¹,
855 4275 914 4326 tum
927 4271 1075 4340 sancte1¹‚
1093 4275 1152 4325 tum
1165 4274 1298 4326 sanctuar
