3052 4784
450 334 595 403 epistula
611 334 693 395 XXV,
712 352 733 388 e.
747 338 828 398 7-8;
847 335 940 399 XXV‘,
960 353 980 388 c.
998 340 1019 393 l.
1245 321 1309 384 229

168 511 302 574 miseriis
326 511 518 575 sustinendis
542 529 665 594 semper
688 511 847 575 obnoxius,
873 513 967 575 miser
991 516 1038 576 est
1058 514 1140 576 enim
1162 513 1215 594 qui
1234 533 1309 578 uxo·

167 633 233 678 rem
261 615 375 679 bonam
402 615 512 697 perdit,
545 616 686 679 miserior
713 617 764 697 qui
793 617 908 679 malam
936 617 1081 698 possidet.
1124 619 1206 681 inter
1233 621 1309 682 haec

167 720 228 783 duo
255 719 426 784 accidentia
453 721 529 784 satis
556 720 673 783 felicior
701 721 827 802 estqui
854 725 1020 802 utrumque
1048 741 1108 786 non
1133 723 1226 786 nouit.
1267 724 1309 786 si·

167 824 283 888 militer
305 828 335 887 et
356 824 394 886 ds
412 823 484 887 tiliis
509 825 692 905 saepissime
717 825 883 888 miserrimi
905 830 1050 907 parentes
1074 825 1123 888 uel
1146 827 1198 908 qui
1218 826 1308 890 bonis

127 956 140 995 s
167 929 317 993 orbantur
347 928 396 991 uel
428 930 480 1010 qui
510 930 589 992 tales
620 929 751 1009 habent,
786 934 822 992 ut
854 948 915 993 non
948 930 1135 994 habentibus
1168 931 1308 994 inuidere

166 1036 327 1116 cogantur.

210 1135 239 1200 8.
268 1136 351 1200 Audi
382 1156 465 1220 ergo,
496 1138 539 1200 mi
567 1136 620 1215 fili,
653 1143 684 1201 et
711 1138 827 1202 inclina
854 1155 959 1203 aurem
988 1143 1074 1202 tuam
1105 1139 1181 1202 mihi
1209 1143 1241 1203 et
1263 1139 1308 1202 di-

166 1261 275 1324 rnmpe
299 1241 406 1306 omnia
427 1242 553 1305 uincula
576 1246 640 1321 tua,
671 1260 884 1323 quaecumque
908 1251 938 1306 te
966 1243 997 1306 in
1020 1244 1079 1306 hoc
1103 1244 1225 1307 saeculo
1249 1244 1308 1307 im-

165 1346 316 1429 plicatum
333 1348 456 1419 tenent;
477 1351 637 1409 commuta
653 1346 683 1410 in
702 1348 812 1411 melius
830 1348 974 1410 militiam
991 1347 1116 1426 saeculi,
1134 1353 1168 1411 ut
1184 1353 1307 1412 aeterno

113 1478 139 1516 ιο
166 1452 231 1534 regi
252 1451 382 1533 incipias
403 1450 547 1514 militare.
579 1455 610 1513 et
626 1470 718 1530 nunc,
743 1455 777 1514 nt
799 1451 900 1530 audio,
924 1452 978 1532 qui
998 1451 1119 1514 adiutor
1139 1456 1170 1514 et
1190 1455 1308 1516 tutator

167 1575 199 1618 es
223 1555 349 1635 ciuium,
376 1554 432 1618 fias
456 1572 560 1619 comes
584 1554 709 1619 Christi.
745 1556 854 1619 deinde
877 1555 906 1617 in
931 1556 989 1618 bac
1012 1556 1123 1619 militia
1146 1557 1252 1620 soletis
1275 1557 1307 1619 in

164 1660 248 1724 uotis
275 1659 389 1723 habers
416 1659 497 1722 hanc
525 1658 618 1723 officii
645 1660 882 1741 promotionem,
913 1664 949 1724 ut
974 1664 1165 1743 protectores
1194 1660 1308 1724 efficia·

167 1764 252 1827 mini.
277 1764 303 1827 si
326 1767 432 1827 autem
455 1764 511 1828 deo
535 1769 566 1826 te
589 1764 780 1846 probaueris,
804 1765 908 1846 ipsum
928 1765 1021 1828 deum
1044 1765 1173 1847 incipies
1193 1765 1307 1830 habere

165 1871 381 1951 protectorem.
419 1869 490 1931 uide
518 1868 557 1931 ad
584 1869 710 1950 qualem
737 1869 883 1932 militiam
911 1873 941 1932 te
965 1870 1062 1933 inuito
1086 1871 1248 1952 collegam,
1272 1874 1308 1934 ut

113 2000 138 2038 15
166 1973 246 2054 quod
275 1972 394 2036 homini
425 1991 493 2036 esse
524 1978 614 2055 optas
642 1974 700 2036 boc
727 1973 784 2036 tibi
812 1974 887 2036 deus
915 1974 965 2036 sit.
1003 1992 1097 2055 quem
1122 1975 1145 2036 si
1170 1975 1306 2056 coeperis

165 2077 263 2158 sequi,
294 2076 332 2140 de
360 2077 508 2141 comitiua
534 2078 645 2158 incipis
674 2077 808 2141 militare
836 2081 866 2140 et
893 2077 964 2140 finis
992 2078 1121 2140 militiae
1149 2082 1222 2142 tuae
1249 2079 1308 2142 erit

165 2199 297 2265 regnum
320 2198 383 2245 non
405 2185 506 2245 torrae
530 2185 562 2244 et
584 2183 743 2265 temporis,
768 2182 821 2244 sed
845 2183 1038 2245 aeternitatis
1062 2187 1093 2245 et
1116 2183 1202 2245 caeli.

674 2390 794 2453 XXV*.

190 2549 413 2612 Druncrrssrno
435 2569 517 2611 mmo
541 2547 740 2612 (lursmurano
764 2548 921 2611 Psvnsvs
943 2570 974 2609 ns
998 2546 1135 2611 Onsrsro
1158 2569 1277 2611 sonmo

111 2681 138 2720 ιο
660 2674 810 2715 sanvrnn.

211 2811 238 2874 1.
270 2810 442 2874 Remeante
474 2809 511 2872 ad
542 2827 598 2872 nos
630 2810 666 2872 de
697 2810 799 2891 patria
825 2808 1034 2872 commilitone
1064 2812 1118 2871 tuo
1148 2808 1305 2889 quondam

165 2915 290 2980 Victore
314 2915 436 2996 speraui
460 2917 658 2996 accepturum
681 2933 730 2977 me
752 2915 867 2996 scripta
890 2913 1062 2976 honestatis
1086 2916 1168 2992 tuae,
1193 2913 1305 2994 quibus

166 3039 217 3084 me
240 3021 359 3083 laetum
382 3019 419 3081 de
436 3023 507 3082 actu
531 3022 583 3082 tuo
606 3019 637 3081 id
662 3023 710 3081 est
733 3019 770 3081 de
790 3019 930 3099 proiectu
954 3016 1026 3080 fidei
1050 3021 1123 3080 tuae
1145 3015 1305 3098 <faceres>3

166 3125 258 3187 huius
289 3123 406 3187 etenim
435 3124 539 3206 gratia
569 3127 599 3185 et
628 3122 749 3203 pridem
780 3140 1052 3205 praesumpseram
1084 3120 1141 3184 tibi
1172 3120 1305 3184 seribere

108 3255 136 3295 ss
165 3247 220 3310 per
250 3227 384 3291 eundem
412 3228 540 3291 tratrem
564 3226 732 3305 Victorem,
765 3227 844 3289 sicut
872 3230 903 3290 et
933 3245 1017 3290 nunc
1044 3224 1155 3304 scribo,
1187 3225 1305 3288 audens

164 3351 272 3396 rursus
300 3333 440 3415 ingerere
468 3331 523 3395 tibi
551 3330 715 3394 consilium
744 3349 848 3393 meum
880 3335 1033 3413 urguente
1060 3333 1223 3411 praecepto
1246 3329 1305 3408 dei,

207 3595 224 3647 4
243 3592 407 3661 saepissime]
426 3593 497 3645 enim
516 3596 580 3645 sunt
592 3592 654 3646 add.
674 3593 728 3647 Col.
783 3590 870 3660 bonis]
885 3590 1011 3644 amabiles
1024 3590 1125 3644 habent
1137 3589 1232 3657 quibus
1250 3588 1304 3646 Col.

165 3679 327 3735 5hsbentes
345 3698 365 3734 w
427 3683 587 3746 drogamur
605 3697 625 3731 a
687 3677 760 3732 aflli
779 3679 816 3731 mi
840 3679 894 3733 Col.
953 3678 1019 3730 mihi
1038 3696 1088 3732 orn.
1107 3697 1131 3731 w
1184 3677 1305 3744 dirumpe

164 3769 212 3830 bu,
236 3767 371 3835 disrumpe
395 3786 418 3821 w
434 3766 489 3821 Gol.
560 3765 764 3833 Simplicatnm
789 3769 815 3817 tc
838 3785 861 3819 w
931 3764 1051 3819 9seculi
1075 3767 1122 3830 bu,
1145 3782 1232 3818 ornae
1249 3763 1304 3818 001.

167 3853 293 3922 ldnune]
308 3868 397 3908 nonw
449 3852 781 3907 adiutor-inhaeseris
833 3855 935 3904 tutator
949 3854 997 3918 ba,
1011 3854 1084 3904 tutor
1100 3851 1154 3906 Col.
1211 3853 1239 3905 ll
1255 3850 1305 3903 mi·

164 3940 253 3995 liciam
271 3959 295 3994 w
359 3943 390 3994 12
408 3938 485 3992 uobis
504 3941 547 3994 bru
565 3940 620 3994 Col.
682 3925 856 4007 protectores]
876 3939 1052 4006 promptiores
1070 3957 1093 3992 w
1160 3939 1191 3992 13
1210 3936 1305 4004 proba·

164 4028 246 4096 ueris]
266 4026 402 4096 prebueris
421 4045 444 4081 w
496 4026 716 4094 habersincipies
735 4044 758 4080 w
813 4025 1022 4080 litemilieiam
1041 4044 1065 4078 w
1119 4027 1151 4078 ld
1170 4023 1214 4092 de]
1233 4022 1306 4077 etin

164 4115 220 4168 eius
242 4115 297 4170 Col.
351 4114 480 4182 inceperis
501 4114 558 4168 Col.
612 4116 639 4165 at
657 4131 707 4168 om.
725 4113 779 4168 001.
837 4114 867 4167 17
883 4130 925 4181 pr.
940 4112 978 4181 et]
999 4127 1051 4163 non
1069 4131 1093 4166 w

208 4220 241 4255 m.
261 4229 293 4237 -
312 4201 407 4270 incipit
426 4200 494 4253 liber
512 4200 614 4268 paulini
633 4201 666 4253 ad
686 4200 849 4268 crispiacum
867 4199 924 4267 lege
943 4198 1056 4252 feliciter
1074 4217 1100 4252 m
1154 4200 1187 4253 23
1207 4198 1306 4252 iaceres

163 4289 227 4343 odd.
245 4288 362 4359 Guspari
414 4291 448 4343 25
466 4287 566 4341 audens
586 4288 677 4357 Casp,
694 4286 805 4339 audiens
823 4305 849 4340 m
902 4288 935 4342 26
953 4302 1059 4339 rursum
1081 4285 1161 4355 Ousp.
