3036 4770
413 317 582 388 appendix.
602 320 747 390 epistula
764 321 802 374 ad
821 320 1021 386 Marcellam,
1041 337 1062 375 r.
1075 323 1151 378 3-6.
1290 303 1354 370 433

213 494 326 555 domino
345 499 374 554 et
393 497 510 556 benedic
530 516 603 569 eum,
628 498 685 572 qui
705 498 758 558 tibi
782 498 909 558 tribuit
933 498 1168 569 intellectum,
1192 519 1227 559 ne
1251 499 1282 558 in
1305 500 1353 558 uia

213 592 390 664 peccatorum
405 595 482 653 stare
497 594 668 668 persisteres
687 612 797 668 neque
814 593 849 653 in
865 594 957 653 filiis
973 595 1168 669 generationis
1185 595 1271 653 istius
1286 613 1352 669 per·

213 703 352 760 maneres,
375 689 499 763 quibus
523 707 591 748 uon
610 694 663 749 est
681 689 794 762 salus,
817 691 884 764 quia
903 690 1179 764 praeualescunt
1198 690 1233 748 in
1254 691 1351 749 uani·

213 783 305 840 tates
328 801 409 843 suas
430 785 562 844 ueritatis
588 785 776 856 immemores,
800 785 868 859 quia
887 787 952 844 dum
973 784 1161 846 confidunt
1180 786 1215 845 in
1235 785 1351 845 multi·

170 890 185 929 ⁵
215 877 334 939 tudine
356 879 564 940 diuitiarum
588 899 741 952 suarum,
769 899 838 940 nou
862 885 997 956 ponunt
1020 883 1115 941 deum
1139 881 1351 940 adiutorium

214 989 319 1033 suum.
355 975 408 1035 tibi
430 978 526 1035 autam
548 975 626 1036 lacta
648 978 692 1036 est
712 995 775 1037 sors
795 976 827 1035 in
846 977 1003 1036 hereditate
1025 979 1118 1048 Iacob,
1142 981 1171 1036 et
1195 976 1349 1036 illuminati

214 1072 284 1127 sunt
306 1071 379 1130 oculi
398 1072 441 1130 tui
464 1072 496 1131 in
518 1072 695 1155 agnitionem
718 1072 860 1143 ueritatis
884 1075 917 1130 ut
937 1072 1113 1148 intelligeres
1136 1072 1204 1146 quia
1227 1072 1351 1131 melius

214 1168 268 1223 est
285 1166 450 1227 modicum
472 1168 564 1228 iusto
588 1186 692 1243 super
712 1168 860 1227 diuitias
881 1171 1099 1243 peccaterum
1122 1168 1258 1227 multas.
1290 1168 1351 1226 ideo

214 1260 290 1320 enim
308 1261 506 1323 misericors
527 1267 559 1323 et
578 1264 765 1324 miserator
785 1263 958 1334 dominus,
978 1264 1046 1337 quia
1065 1264 1171 1324 talibus
1192 1264 1252 1323 suis
1268 1278 1351 1337 prae-

158 1375 185 1413 re
214 1359 296 1430 parat
310 1357 530 1420 adiuuentienes
545 1377 613 1418 suas
629 1361 664 1418 ad
680 1359 769 1418 uitam
784 1359 930 1418 hominum
942 1360 1164 1434 propagandam,
1180 1358 1311 1433 permisit
1322 1361 1351 1417 te

214 1451 299 1512 istius
320 1454 428 1513 saeculi
450 1455 583 1515 fluetibus
606 1455 759 1529 cuntisque
783 1455 893 1526 iactari,
919 1457 951 1513 ut
973 1458 1089 1529 experta
1113 1452 1294 1529 naufragium
1318 1454 1351 1512 de

213 1549 305 1608 cetero
320 1549 452 1610 similiter
467 1551 623 1626 periclitari
638 1569 763 1611 caneres.
798 1551 895 1624 itaque
911 1553 1015 1610 cirneta
1030 1568 1102 1624 quae
1119 1567 1205 1625 passa
1219 1567 1260 1620 es,
1277 1549 1352 1608 sicut

213 1643 362 1721 intelligis,
378 1647 500 1706 uulnera
515 1647 627 1723 quidem
643 1648 769 1722 corperis
785 1647 828 1706 tui
843 1649 893 1706 sed
908 1646 1020 1706 animae
1036 1646 1159 1706 remedia
1174 1645 1299 1704 fuerunt.

259 1748 286 1803 6.
308 1742 343 1801 In
362 1742 628 1804 circumcisione
649 1743 764 1803 cordis
788 1742 833 1802 iac
856 1760 942 1817 opera
965 1744 1025 1814 tua,
1050 1746 1081 1801 ut
1103 1741 1216 1817 gloria
1234 1745 1284 1800 tua
1304 1739 1352 1799 sit

159 1851 187 1892 15
214 1853 282 1895 non
297 1855 335 1896 ex
354 1839 551 1900 hominibus
567 1841 624 1898 sed
646 1857 683 1898 ex
704 1841 777 1911 deo,
801 1839 850 1912 qui
870 1838 1011 1913 deponit
1031 1839 1192 1912 potentes
1212 1839 1250 1896 de
1273 1836 1351 1895 sede

214 1934 248 1992 et
269 1933 400 1993 exaltat
422 1935 570 1994 humiles
596 1938 629 1995 et
657 1935 855 1994 esurientes
883 1933 1003 2008 implet
1031 1932 1133 1993 benis
1160 1934 1193 1990 et
1220 1930 1351 1990 diuites

213 2028 363 2089 dimittit
381 2029 516 2090 inanes.
547 2032 631 2090 deus
651 2030 880 2090 scientiarum
900 2029 1057 2090 domiuus
1078 2028 1142 2087 uide
1162 2029 1271 2102 quanta
1289 2026 1350 2101 glo-

212 2122 284 2184 riam
293 2128 372 2184 tuam
382 2127 644 2201 recumpensatione
653 2126 786 2197 mutauit,
799 2126 849 2199 qui
858 2128 886 2184 te
896 2124 997 2183 maluit
1008 2124 1175 2199 participem
1186 2122 1349 2182 caelestium

213 2236 307 2279 rerum
318 2220 379 2281 fieri
391 2239 476 2296 quam
487 2223 522 2281 sd
538 2223 624 2281 finem
636 2222 814 2282 terrestrium
827 2239 1003 2296 permanere,
1019 2223 1054 2278 ab
1070 2219 1195 2278 humana
1211 2217 1351 2292 dignitate

160 2329 187 2368 ao
213 2316 337 2375 transire
361 2317 392 2375 in
414 2335 503 2392 regno
531 2317 584 2377 dei.
620 2321 649 2377 et
676 2317 789 2392 quidem
817 2316 915 2376 multis
943 2314 1106 2374 hominibus
1133 2313 1219 2371 huius
1246 2310 1352 2371 saeculi

212 2411 341 2472 uanitate
356 2412 478 2487 captiuis
494 2413 599 2474 similia
614 2414 683 2472 deus
698 2413 805 2472 auxilia
819 2410 1016 2488 percipiendae
1033 2410 1063 2469 in
1080 2411 1228 2468 aeternum
1246 2405 1351 2465 salutis

212 2506 313 2567 efferre
330 2507 479 2584 dignatur,
502 2511 553 2569 sed
571 2509 699 2584 plerique
719 2508 923 2584 superantibus
947 2523 1020 2565 suna
1043 2504 1164 2564 consilia
1186 2502 1350 2562 diuitiarum

213 2603 448 2665 delectationibus
460 2607 512 2665 aut
522 2622 669 2679 corporum
681 2604 786 2666 uolunt
804 2603 975 2678 intelligere,
995 2603 1028 2660 ut
1042 2604 1115 2660 bene
1131 2601 1227 2674 agant,
1245 2599 1274 2657 et
1289 2614 1351 2655 ma-

214 2697 279 2758 lunt
293 2699 352 2759 lata
366 2700 415 2759 uia
429 2701 599 2775 perditionis
615 2700 735 2775 spatiari
750 2718 813 2760 cum
830 2699 928 2758 multis
947 2715 1032 2772 quam
1047 2697 1201 2771 angustam
1220 2693 1349 2754 semitam

160 2817 187 2856 ss
213 2794 344 2855 inuenire
359 2813 423 2855 curn
437 2797 545 2871 paucis.
570 2798 646 2856 unde
661 2799 690 2856 et
704 2799 736 2855 tu
752 2795 928 2864 beatissima,
949 2792 995 2852 cui
1011 2793 1146 2852 donatum
1161 2791 1207 2849 est
1225 2806 1284 2849 non
1304 2788 1350 2846 in·

213 2890 308 2950 durari
322 2891 371 2966 pia
386 2891 574 2968 castigatione
595 2894 644 2952 sed
659 2892 764 2967 corrigi
783 2909 876 2966 neque
892 2889 1010 2965 gloriari
1025 2889 1056 2947 in
1072 2885 1182 2946 diuitiis
1202 2886 1251 2945 sed
1270 2900 1350 2958 spem

213 2990 242 3046 et
260 3005 319 3047 rem
338 2989 370 3047 in
389 2989 439 3048 deo
458 3006 564 3064 ponere
584 2992 613 3047 et
631 3006 649 3046 a
667 2991 744 3048 sorte
763 2988 884 3046 diuitum
903 2989 1092 3061 peecatorum,
1112 2999 1232 3058 quorum
1251 2997 1298 3041 cor
1319 2982 1351 3038 ut

318 3182 487 3254 1]Ps.15,7.
541 3183 675 3251 (Ps.l‚1).
729 3183 757 3251 3]
771 3181 918 3246 Pulsus.
972 3180 1102 3243 Putas.
1157 3177 1185 3247 7]
1203 3176 1298 3239 reso,
1311 3178 1350 3230 16.

213 3268 415 3424 ffisshlssbss)
468 3268 512 3338 14]
531 3269 608 3323 Ilum.
621 3271 646 3331 2,
658 3270 700 3324 29.
755 3268 799 3337 15]
818 3267 881 3321 Luc.
896 3268 970 3330 1,52.
1026 3263 1069 3333 17]
1088 3263 1248 3331 lungae.
1302 3260 1349 3328 24]

256 3551 375 3605 tetarss
392 3567 440 3619 pv,
458 3565 511 3603 non
529 3551 613 3602 stares
630 3566 674 3604 aa:
726 3555 910 3612 remunerasse
962 3541 1116 3599 Suscitate
1135 3549 1218 3606 susp
1271 3537 1350 3594 5ad·

213 3627 340 3732 interituri
358 3663 398 3730 (’ΙΙ
409 3681 443 3718 m.
456 3662 484 3730 2)
502 3679 530 3728 u,
548 3660 738 3728 adiutoremp
789 3658 898 3727 9quia]
917 3656 963 3725 qui
980 3673 1000 3709 a
1052 3653 1214 3709 enisurus
1273 3653 1305 3706 10
1324 3653 1350 3702 te

213 3770 265 3808 our.
282 3768 324 3808 xv
395 3753 425 3807 11
455 3751 561 3818 experto
588 3746 727 3814 naufragio
753 3763 794 3801 av
866 3747 899 3800 12
926 3744 1022 3797 eurrcta
1048 3739 1126 3809 quae]
1154 3753 1307 3808 quecumque
1330 3754 1350 3791 x

215 3840 247 3895 13
260 3836 306 3892 sed
318 3839 346 3891 et
357 3837 446 3894 Rosw.
502 3838 533 3891 14
547 3834 735 3902 racematio
786 3832 926 3899 sitnony,
945 3828 1046 3882 nonsit
1064 3832 1110 3883 cet.
1167 3827 1197 3880 15
1216 3824 1262 3892 sit]
1281 3827 1351 3876 esset

212 3936 283 3994 usqe
346 3939 376 3977 en
393 3921 547 3977 hominibus
565 3920 602 3975 sit
618 3938 638 3977 c
703 3921 734 3975 17
753 3921 881 3987 quantem
898 3934 941 3972 uu
1004 3916 1036 3970 18
1054 3915 1101 3967 tua
1117 3929 1138 3967 rr
1197 3909 1349 3964 coelestium

214 4027 303 4065 rerum
320 4010 477 4081 participem
495 4028 515 4064 a
568 4011 600 4064 le
618 4006 652 4060 ad
671 4005 764 4074 finem]
783 4005 891 4058 affinem
909 4020 929 4059 u
980 3999 1026 4070 ab]
1045 4005 1076 4054 ut
1088 3997 1121 4053 ab
1133 4009 1180 4066 xp
1231 3999 1349 4052 2011111-

214 4099 279 4153 sires
296 4107 345 4168 uur
396 4097 425 4151 in
442 4112 555 4165 regnum
572 4105 643 4163 unp
694 4095 729 4149 22
747 4092 902 4146 diuitiarum
921 4085 1140 4143 delectationibus
1159 4087 1206 4138 aut
1222 4101 1271 4153 sy,
1294 4082 1350 4151 opi-

214 4184 264 4240 bus
282 4183 438 4240 diuitiarum
457 4186 504 4237 aut
521 4200 570 4250 av,
592 4178 818 4235 sollicitudinibus
842 4176 996 4232 dirritimum
1014 4190 1045 4229 ac
1064 4184 1086 4241 ψ
1138 4174 1172 4228 25
1190 4169 1260 4224 unde
1278 4186 1306 4223 cs
1324 4173 1352 4223 et

214 4277 244 4327 tu
262 4274 325 4341 sort.
379 4273 412 4326 27
430 4268 610 4340 peccaterum]
630 4267 687 4322 didi
705 4269 747 4336 (=
768 4265 864 4334 diuidi)
882 4263 945 4320 add.
957 4281 978 4319 a

266 4365 371 4411 xxvml.
381 4363 465 4408 Paulini
479 4364 526 4408 idol.
537 4362 648 4418 epistulae.
1161 4350 1195 4401 28
