3036 4770
613 346 760 415 epistula
776 346 839 410 XII,
858 363 879 401 c.
895 350 969 403 1—3.
1320 330 1362 396 75

221 521 426 584 seminarium
457 522 557 601 stet't,
588 523 652 585 ianr
682 525 756 586 tunc
783 527 930 604 operante
956 523 1103 605 mysterio
1131 523 1214 586 unici
1239 524 1362 586 redem-

220 626 327 706 ptoris,
355 630 392 689 ut
418 644 473 708 per
500 645 598 690 unum
625 627 833 691 reconciliatio
855 628 1043 709 proueniret,
1072 628 1144 708 quia
1165 646 1222 709 per
1243 626 1361 690 multos

220 729 339 793 offensa
360 731 508 794 uenisset.
532 731 588 794 sed
611 731 725 795 iterum
748 732 871 815 generis
891 731 1022 794 humani
1037 748 1185 813 processu
1200 717 1362 795 relabente

220 834 341 897 iust'tia
371 837 404 897 et
431 834 643 898 crescentibus
674 835 768 898 simul
797 835 945 917 gentibus
976 837 1069 916 atque
1098 833 1291 914 criminibus,
1322 854 1361 899 ne

178 964 192 1002 s
220 956 328 1001 rursus
351 939 497 1020 iniqnitas
524 939 687 1002 hominum
710 939 834 1022 generis
858 941 1029 1003 mereretur
1050 938 1222 1019 interitum,
1251 957 1360 1003 rursus

220 1042 338 1105 electus
374 1043 426 1123 qui
459 1046 547 1124 pater
580 1042 653 1107 fidei
682 1047 856 1122 uocaretur,
883 1061 901 1106 a
930 1061 991 1124 quc
1022 1047 1053 1106 et
1081 1042 1244 1125 promissio
1273 1043 1362 1127 regni

220 1149 251 1208 et
283 1147 365 1229 regis
400 1148 518 1211 aeterni
553 1166 659 1211 semen
695 1151 877 1230 emergeret.
913 1147 994 1228 quod
1025 1146 1269 1230 multiplicatum
1299 1146 1361 1210 fide

220 1250 360 1332 gentium
394 1249 537 1315 Christus
569 1252 710 1333 inpleuit,
741 1251 794 1332 qui
823 1251 1009 1332 patriarchis
1040 1251 1142 1330 nisus,
1172 1270 1227 1333 per
1255 1251 1361 1334 legem

220 1354 459 1436 praeformatus,
482 1375 538 1438 per
557 1357 725 1438 prophetas
741 1356 938 1438 praelocutus
957 1356 1069 1437 etipse
1085 1355 1193 1435 adfuit,
1217 1358 1253 1418 ut
1274 1355 1361 1418 adin·

162 1487 190 1524 10
218 1460 318 1540 pleret
340 1460 442 1543 legem
466 1463 498 1522 et
519 1460 687 1542 prophetas
718 1462 750 1522 et
773 1478 867 1541 quam
890 1459 940 1523 len
964 1458 1110 1541 operibns
1133 1477 1195 1523 non
1218 1460 1361 1523 ualucrat

218 1564 356 1626 conferre
380 1563 569 1627 medicinam
591 1565 692 1647 gratia
716 1564 813 1626 daret.

263 1665 291 1730 3.
315 1667 384 1731 lam
408 1668 492 1731 enim
515 1685 625 1749 corpus
646 1686 749 1747 omne,
772 1667 804 1730 id
820 1671 869 1730 est
883 1668 1066 1730 uniuersum
1081 1686 1179 1750 genus
1196 1668 1358 1732 hominum

218 1771 262 1834 ita
283 1774 465 1853 peruaserat
486 1775 659 1853 peccatum,
683 1774 718 1834 ut
737 1789 838 1852 neque
854 1772 1013 1854 malagma
1028 1770 1181 1835 debilibus
1199 1775 1230 1835 et
1246 1771 1359 1834 sauciis

218 1895 275 1940 nec
298 1876 433 1959 ligatura
455 1877 631 1959 prodessem
656 1874 855 1939 corroborata
877 1875 994 1939 etenim
1017 1875 1165 1939 uitiorum
1187 1875 1359 1939 ualitudine

164 2006 190 2045 rs
219 1998 344 2044 ornnem
375 1981 532 2045 humanae
562 1981 629 2062 opis
660 1980 815 2043 medelam
843 1980 951 2044 fortior
977 1979 1123 2043 remediis
1152 1979 1280 2043 morbus
1308 1998 1359 2042 ex-

218 2086 362 2165 cluserat,
387 2089 418 2149 et
440 2085 509 2149 ideo
531 2086 618 2149 uenit
640 2085 693 2167 qui
716 2089 747 2148 et
761 2088 913 2148 uenturus
930 2088 988 2164 est,
1012 2085 1223 2147 conformatus
1240 2083 1360 2167 corpori

218 2189 402 2254 humilitatis
431 2193 566 2269 nostrae,
596 2192 631 2253 ut
661 2207 717 2252 nos
745 2189 956 2254 conformaret
982 2189 1102 2271 corpori
1129 2189 1245 2272 gloriae
1272 2206 1358 2268 snae,

219 2293 290 2373 quia
312 2311 403 2357 nemo
427 2294 488 2357 nisi
511 2294 622 2357 artifex
645 2293 747 2375 operis
770 2294 818 2357 sui
840 2298 950 2375 potens
978 2297 1027 2356 est
1054 2296 1085 2356 et
1112 2292 1207 2375 figulo
1234 2295 1358 2356 tantum

218 2397 249 2459 in
278 2398 422 2480 argillam
453 2416 543 2462 suam
569 2399 621 2475 ¹ius
652 2401 708 2461 est.
739 2398 785 2461 ita
815 2397 959 2461 dominus
986 2397 1138 2476 omnium,
1169 2397 1221 2478 qui
1249 2414 1358 2460 omnes

163 2526 190 2565 ro
218 2501 343 2582 fecerat,
374 2502 522 2585 dignatus
553 2507 602 2566 est
631 2501 670 2564 ad
700 2505 809 2565 nostra
838 2500 1026 2564 descendere
1053 2516 1171 2581 nosque
1201 2500 1359 2583 suscipere

217 2606 249 2668 in
277 2624 404 2688 corpore
431 2624 497 2685 suo,
525 2610 561 2669 ut
586 2606 728 2669 reficeret
755 2606 863 2669 eadem
887 2608 953 2668 arte
976 2604 1027 2667 uel
1050 2607 1205 2686 potestate
1228 2622 1290 2686 qua
1312 2605 1359 2668 ie-

218 2713 311 2774 cerat.
335 2710 420 2774 uenit
452 2713 557 2773 autem
580 2727 643 2773 non
666 2710 698 2773 in
722 2708 915 2772 sublimitate
938 2708 1176 2789 domini,'quod
1199 2711 1275 2788 erat,
1304 2710 1358 2772 sed

218 2813 251 2876 in
277 2815 379 2877 forma
403 2815 496 2894 serui,
528 2814 608 2896 quod
639 2832 701 2878 non
725 2817 800 2877 erat.
832 2813 955 2877 factus
986 2816 1043 2875 est
1072 2816 1112 2876 ut
1140 2812 1246 2876 homo
1276 2813 1357 2876 sine

218 2918 418 2999 adiutorio,
447 2919 500 3000 qui
523 2922 572 2982 est
594 2918 643 2982 dei
666 2918 765 2981 uirtus
789 2920 820 2980 et
843 2916 986 2980 dominus
1010 2916 1212 2996 exercituum,
1236 2916 1357 2980 adiutor

160 3048 189 3087 aa
219 3026 250 3086 et
271 3026 427 3104 protector
443 3023 591 3086 omnium.
616 3040 672 3106 pro
694 3021 863 3086 liberandis
887 3026 936 3085 est
950 3024 1091 3085 mortuus
1107 3022 1161 3102 qui
1177 3024 1244 3085 erat
1259 3022 1357 3085 inter

219 3131 383 3190 mortuos
405 3127 511 3191 liber.
535 3128 635 3191 inter
657 3127 804 3208 iniquos
828 3126 1029 3208 deputatus
1057 3127 1186 3207 estqui
1210 3125 1357 3189 iustificat

218 3231 337 3312 inpium
364 3251 419 3315 per
445 3230 550 3295 fidem.
587 3231 684 3294 siout
709 3231 789 3295 ouis
818 3230 861 3294 ad
891 3226 1195 3295 interfectionem
1223 3231 1355 3294 ductus

322 3430 349 3498 7]
363 3430 549 3497 (Geu.15,13;
567 3430 643 3483 Rom.
657 3432 681 3494 4,
697 3433 741 3493 ll,
760 3428 818 3484 Gal.
832 3432 856 3493 3,
870 3433 898 3492 7,
917 3429 970 3482 lac.
984 3432 1008 3494 2,
1022 3432 1053 3485 21
1060 3449 1067 3493 ;
1087 3429 1183 3483 llatth.
1197 3432 1221 3494 5,
1235 3432 1280 3491 17;
1298 3429 1355 3482 Ich.

221 3519 308 3586 1,17).
381 3518 425 3586 13]
445 3517 515 3585 (Sap.
531 3518 636 3586 16,12).
710 3517 755 3585 17]
774 3517 865 3585 (lpse.
881 3518 947 3580 1,1;
975 3516 1044 3569 Phil.
1057 3517 1081 3578 3,
1096 3518 1147 3585 21).
1220 3516 1264 3585 18]
1284 3516 1355 3584 (Sap.

222 3606 262 3668 15,
276 3608 306 3668 73
323 3602 404 3657 Eccli.
423 3606 464 3667 33,
483 3607 527 3666 133
550 3603 622 3657 Hier.
643 3606 683 3666 18,
703 3606 731 3666 6;
755 3603 830 3656 Rom.
844 3606 870 3670 9,
883 3603 933 3670 21].
1005 3603 1050 3671 22]
1070 3602 1150 3670 (Phil.
1164 3605 1188 3667 2,
1203 3605 1236 3671 7).
1307 3602 1353 3671 23]

218 3690 263 3745 Ps.
277 3694 318 3756 87,
332 3694 354 3746 5.
369 3694 392 3745 6.
445 3690 490 3759 27]
510 3691 552 3743 Es.
567 3693 608 3755 53,
622 3693 645 3744 7.
660 3690 812 3753 12;1Pec.
825 3693 850 3753 2,
864 3691 908 3752 24;
929 3689 985 3743 Ioh.
1001 3693 1023 3753 l,
1036 3691 1078 3744 29.

261 3856 489 3926 2pomeniretF
538 3856 671 3912 delectus
688 3857 765 3924 OUv,
784 3856 883 3910 electus
896 3857 994 3910 estest.
1048 3854 1308 3923 lmultiplicandum
1322 3856 1360 3909 M

218 3944 441 4013 8patriarces0
493 3944 688 4012 9proietas0
740 3943 864 4012 impleret
881 3943 966 3999 FPU
1024 3944 1057 3998 12
1074 3940 1214 3994 hominum
1236 3942 1286 4008 Oe,
1304 3941 1355 3994 hu-

219 4048 328 4085 manum
341 4039 386 4087 cet.
442 4034 474 4086 13
486 4030 602 4100 peccatis
614 4031 698 4085 FPU
748 4031 839 4084 11ch
887 4029 1090 4097 malagineFU
1140 4031 1172 4084 14
1185 4030 1354 4095 nequePUo

218 4118 401 4187 glegaturaO
454 4121 486 4174 15
505 4117 591 4186 operis
614 4119 641 4173 U
690 4116 832 4170 medellam
852 4118 879 4170 P
931 4119 963 4170 16
976 4122 1048 4185 post.
1068 4117 1096 4168 et
1112 4134 1162 4172 om.
1218 4118 1249 4169 19
1268 4115 1310 4168 uis
1328 4116 1359 4170 F

218 4206 321 4274 omnes]
341 4205 430 4259 omnia
447 4205 532 4260 FPU
585 4207 619 4258 20
638 4204 738 4258 facerat
760 4203 793 4259 0¹
846 4203 1011 4259 nostramO
1068 4201 1142 4272 nost,
1160 4203 1186 4256 L
1247 4204 1279 4259 21
1299 4202 1353 4273 uel]

218 4307 249 4346 ac
268 4293 305 4347 M
352 4295 386 4348 22
405 4291 531 4345 sublitate
554 4294 580 4348 U
630 4293 664 4346 23
682 4291 724 4360 ut]
743 4291 813 4345 siout
830 4292 895 4346 ΕΜ
943 4292 978 4347 24
995 4289 1060 4361 quiq
1077 4291 1104 4344 L
1207 4325 1209 4329 ν
