3036 4770
465 335 609 404 epistula
626 335 723 400 xxxi,
743 353 764 390 ο.
778 338 807 399 a;
827 336 938 401 uxxu,
957 354 978 391 a.
995 340 1016 392 1.
1249 320 1313 385 275

171 511 222 591 tis,
252 514 287 574 ut
314 514 391 591 erat,
422 512 583 576 confessus
612 515 660 576 est
687 515 719 576 et
740 515 850 595 petens
877 513 909 576 in
936 529 1032 596 regno
1056 512 1105 577 dei
1128 514 1312 578 memoriam

171 616 218 679 sui
246 615 313 679 lieri
339 617 372 680 in
398 616 530 700 gloriam
557 617 791 682 resurrectionis
822 621 894 682 ante
923 617 1026 700 ipsam
1052 618 1312 682 resurrectionem

170 720 309 800 credidit,
343 739 438 802 qnam
472 722 614 804 apostoli,
648 726 854 804 posteaquam
887 723 973 787 facta
1003 727 1060 802 est,
1095 741 1156 788 non
1186 726 1312 787 tantum

169 825 303 891 uidendo
326 825 382 890 sed
404 826 588 908 experiendo
614 827 822 907 crediderunt,
853 845 910 891 nec
936 828 995 910 ipsi
1017 831 1125 892 tamen
1148 827 1185 892 de
1207 846 1312 892 resur-

127 958 141 996 a
170 930 306 994 rectione
336 930 439 994 carnis
465 931 569 1014 potius
597 950 691 1013 quam
719 931 756 995 de
782 932 1017 997 resurrectionis
1044 932 1195 1014 qualitate
1221 931 1312 996 dnbi-

170 1037 284 1113 tantea,
316 1035 389 1116 quia
415 1035 560 1100 uidelicet
586 1036 640 1116 qni
667 1036 699 1098 in
728 1035 836 1101 orbem
859 1039 1013 1101 terrarum
1042 1036 1187 1101 mittendi
1208 1037 1312 1102 forent

170 1137 209 1201 ad
235 1140 377 1203 omnium
404 1140 547 1222 gentium
573 1140 828 1205 informationem
858 1160 921 1207 non
949 1141 1075 1206 auribus
1102 1145 1225 1207 tantum
1256 1142 1312 1206 sed

171 1248 203 1306 et
221 1243 320 1307 oculis
338 1244 579 1326 praedicandam
598 1244 693 1310 fidem
713 1264 824 1330 capere
843 1246 1011 1327 debebant,
1034 1250 1070 1312 ut
1088 1248 1171 1329 quod
1190 1247 1310 1312 firmius

170 1346 351 1413 didicissent
372 1350 566 1415 constantius
590 1350 763 1416 edocerent.

673 1619 806 1684 XXXII.

214 1802 241 1866 1.
266 1803 395 1868 insertis
422 1803 471 1866 his
498 1803 660 1867 uersiculis
687 1806 798 1886 patens
825 1803 940 1887 paffl‘na
966 1803 1145 1868 sollicitauit
1170 1804 1309 1887 linguam

170 1910 201 1971 et
230 1926 369 1988 manum,
403 1910 438 1971 ut
472 1911 637 1991 occuparet
666 1908 826 1988 nocentia,
862 1912 893 1972 et
923 1908 1077 1973 succurrit
1107 1908 1211 1973 animo
1242 1927 1311 1972 esse

169 2011 250 2093 quod
274 2011 452 2076 scriberem.
476 2029 628 2094 perquam
651 2013 734 2076 enim
757 2013 907 2096 gratulor,
931 2012 1013 2094 quod
1036 2030 1132 2076 unam
1155 2011 1255 2076 cordis
1279 2016 1311 2077 et

169 2116 304 2198 corporis
325 2116 433 2196 nostri,
457 2134 586 2199 operum
602 2134 724 2198 quoqne
746 2119 776 2180 et
795 2120 939 2180 uotorum
955 2116 1190 2181 similitudinem
1206 2119 1310 2181 osten·

113 2247 140 2284 ss
169 2220 316 2300 decimus,
348 2220 457 2285 eodem
484 2224 624 2303 tempore
651 2219 797 2284 basilicas
826 2220 989 2284 dominicis
1021 2221 1190 2284 adicientes
1221 2220 1310 2285 ouili-

166 2324 235 2388 bus.
260 2328 294 2388 tu
317 2342 391 2389 uero
415 2325 524 2389 eodem
545 2324 765 2408 baptisterium
787 2324 925 2388 basilicis
949 2323 1069 2389 duabus
1092 2325 1309 2406 interpositum

168 2427 340 2509 condidisti,
371 2431 407 2493 ut
433 2446 490 2493 nos
517 2429 550 2493 in
577 2429 689 2493 horum
717 2446 839 2510 quoque
866 2446 1006 2511 operum,
1037 2445 1115 2510 quae
1145 2428 1310 2493 nisibiliter

168 2537 361 2614 extruuntur,
396 2533 611 2599 aedificatione
638 2551 810 2617 superares.
856 2533 910 2597 sed
941 2532 1065 2597 domino
1095 2533 1222 2617 gratias,
1256 2533 1309 2615 qui

168 2637 253 2702 dedit
282 2636 371 2702 nobis
401 2638 434 2700 in
462 2656 523 2720 quo
554 2642 585 2702 at
613 2638 697 2702 uinci
726 2637 889 2702 uictoriam
920 2636 1113 2701 duceremus.
1152 2637 1308 2702 uincimus

271 2818 301 2888 s]
319 2818 507 2887 (naastan
525 2818 703 2888 nasama
758 2818 786 2888 a]
805 2817 912 2886 (nsua.
926 2820 968 2881 aa,
983 2819 1033 2886 19).

213 2988 307 3056 lpcst
323 2987 356 3039 ut
371 2985 493 3055 epatium
510 2987 542 3039 s'a
559 2985 590 3040 F
639 2984 685 3038 dni
704 2985 768 3038 LM
821 2982 948 3038 taedet
967 2984 1003 3037 M
1056 2981 1215 3037 duidelicst
1233 2981 1306 3036 uide·

167 3070 230 3125 licet
252 3072 279 3128 U
335 3071 382 3140 qui
400 3089 450 3128 osa.
473 3072 516 3127 Oa
578 3070 774 3127 9dedicissant
797 3069 834 3125 0¹
896 3068 1048 3138 edocerent]
1067 3067 1156 3122 unless
1174 3083 1220 3121 oro
1238 3069 1302 3124 add.

167 3158 271 3216 FP’II.
291 3188 322 3198 -
346 3157 454 3228 explicit
471 3158 584 3227 epistola
601 3158 705 3213 decima
717 3158 751 3224 F,
770 3156 877 3226 explicit
895 3158 930 3226 L,
948 3155 1009 3209 linit
1026 3154 1060 3209 ad
1079 3170 1202 3209 senarium
1220 3154 1259 3208 XI
1275 3155 1305 3211 O.

211 3246 386 3302 FLMOPU.
401 3275 433 3285 -
446 3245 484 3299 itt
502 3244 536 3299 ad
554 3246 638 3300 Seuer
654 3245 685 3299 dc
703 3244 872 3298 basilicarem
891 3242 1054 3312 disposiciffi
1073 3242 1169 3295 mxl·
1188 3243 1224 3310 L,
1241 3242 1307 3296 item

167 3332 202 3386 ad
224 3348 346 3387 seuerum
369 3332 402 3386 de
424 3331 595 3387 basilicarum
617 3331 790 3401 dispositione
812 3314 937 3384 x¹vu111
955 3331 996 3398 M,
1019 3329 1114 3398 incipit
1132 3328 1166 3382 ad
1185 3344 1307 3383 seuerum

168 3420 201 3474 de
218 3419 390 3474 basilicarum
403 3419 576 3489 dispositione
593 3419 624 3488 O,
643 3419 675 3471 de
692 3417 864 3472 basilicarum
878 3416 1049 3486 dispositione
1062 3417 1089 3470 P
1105 3433 1139 3469 m.
1151 3420 1178 3481 2,
1196 3415 1309 3484 epistola

168 3508 254 3561 sancti
280 3506 383 3577 paulini
410 3506 525 3576 episcopi
549 3505 582 3559 ad
605 3521 727 3559 seuerum
750 3520 892 3558 monacum
917 3503 949 3557 de
973 3502 1145 3572 dispositione
1173 3502 1229 3555 siue
1253 3500 1307 3572 ‹gni-

168 3595 291 3649 ficationa
310 3593 486 3663 quarumdam
506 3593 684 3647 basilicarum.
704 3593 731 3645 in
750 3607 802 3660 qua
819 3590 913 3644 inserit
931 3606 1023 3644 uersus
1036 3589 1166 3658 plurimos
1184 3593 1211 3642 et
1231 3587 1308 3642 ualde

168 3680 335 3751 peregregios
354 3679 388 3733 ad
407 3682 531 3733 ornatum
550 3680 668 3748 ipsarum
681 3677 851 3732 basilicarum
864 3675 1022 3744 sculpendos
1039 3676 1066 3731 U
1115 3674 1211 3727 Seuero
1230 3673 1306 3727 fratri

169 3767 341 3822 dilectissimo
352 3766 484 3820 Paulinus
503 3768 583 3822 inser.
597 3767 655 3822 FU
670 3763 793 3834 (epistola
811 3762 874 3816 XXI
894 3761 925 3815 de
944 3761 1116 3815 basilicarum
1135 3760 1308 3829 dispositione

169 3854 232 3909 add.
250 3855 299 3922 F),
322 3869 413 3906 seuero
436 3852 474 3905 fri
494 3853 621 3906 unanimo
644 3851 768 3921 paulinus
791 3850 818 3902 in
842 3847 896 3903 dm
920 3848 954 3901 dd
977 3845 1028 3900 inu
1051 3849 1101 3915 xpo
1119 3848 1188 3913 LM,
1211 3845 1308 3900 Seuero

169 3940 246 3994 fratri
270 3938 443 3994 dilectissimo
465 3939 590 4008 panlinus
614 3940 641 3993 P
658 3957 691 3993 m.
704 3942 731 4006 2,
753 3955 803 3994 om.
827 3937 849 3992 O
940 3938 969 3990 ll
989 3934 1137 3987 insertis-
1150 3935 1166 3987 i.
1182 3934 1214 3988 la
1236 3932 1308 3986 enim

168 4044 218 4082 om.
239 4027 276 4081 M
325 4025 432 4079 insertis
454 4026 507 4094 Oc,
526 4026 637 4079 censetis
649 4025 738 4092 FPU,
758 4023 882 4092 adpositis
900 4023 1014 4091 (purtim
1031 4021 1062 4075 in
1080 4023 1146 4087 rna.)
1164 4021 1199 4088 L,
1218 4035 1307 4073 recen·

169 4111 227 4166 sitis
245 4112 284 4169 cd.
298 4113 387 4169 Sdsot.
401 4114 432 4168 ia
449 4130 500 4183 asp.
555 4112 669 4166 uersitus
686 4113 713 4167 U
762 4113 794 4166 12
813 4109 968 4164 occurritL
1022 4109 1053 4163 13
1072 4106 1143 4175 quod
1161 4106 1206 4175 qui
1224 4121 1307 4160 unam

169 4202 232 4268 (on.
289 4214 373 4253 unum
392 4198 521 4257 F¹LPU
572 4202 603 4255 15
623 4198 763 4252 dominicis
784 4198 881 4254 aaut)
936 4199 968 4251 ld
988 4193 1081 4249 eodem
1103 4194 1135 4261 0,
1155 4194 1237 4249 etiam
1259 4200 1305 4251 cet.

172 4288 205 4342 18
222 4284 417 4340 aedificationes
439 4286 462 4342 0
1135 4370 1151 4401 ἓ

1102 4373 1134 4422 18
