3036 4770
158 309 223 376 22ss
490 329 516 381 S.
531 327 664 381 Paulini
681 327 801 381 Nolani
820 327 965 396 episcopi

153 509 314 582 aeternae,
345 505 494 568 bonorem
520 505 607 586 regni
634 504 777 567 caelestis
805 506 838 567 et
861 502 986 567 diuitias
1012 503 1196 567 hereditatis
1223 521 1297 567 suae

159 613 190 673 et
217 609 340 672 diuinae
371 591 558 692 cognitionis
588 609 779 672 consortium
807 627 942 690 perenne
969 609 1108 690 largitur.
1147 608 1297 689 scriptum

160 717 208 777 est
236 717 355 776 autem:
386 714 445 793 qui
470 713 664 794 pecuniam
689 712 815 793 diligit
842 730 912 775 non
939 711 1233 786 iustificabitur3
1263 718 1298 775 et

158 819 220 900 qui
251 821 422 881 terrenas
452 817 713 898 possessiones
744 817 992 897 concupiscit,
1027 816 1063 880 in
1094 816 1187 895 illis,
1219 816 1298 880 sicut

160 922 310 1003 scriptum
334 925 392 1000 est,
423 919 690 1002 implicabitur.
737 921 819 983 unde
842 921 873 983 in
895 920 1112 984 Ecclesiastico
1134 940 1190 1003 per
1212 919 1299 987 Salo·
1338 950 1357 986 s

158 1045 284 1090 monem
308 1026 444 1107 loquitur
467 1026 572 1088 diuina
594 1026 760 1107 sapientia:
793 1026 877 1107 quia
905 1026 1014 1088 multi
1042 1026 1118 1088 dati
1146 1031 1235 1090 sunt
1262 1027 1297 1089 in

157 1129 311 1212 (casum)
330 1130 410 1192 auri
430 1147 556 1207 causa,
581 1133 615 1192 et
637 1130 738 1192 sacta
754 1132 811 1191 est
834 1130 869 1191 in
894 1129 989 1193 facie
1010 1130 1114 1193 illius
1138 1130 1298 1212 perditio

159 1235 331 1317 ipsorum.
356 1234 510 1316 lignum,
532 1233 640 1314 inquit,
665 1233 890 1296 offensionis
912 1236 969 1296 est
986 1251 1113 1296 aurum
1135 1236 1171 1296 et
1187 1233 1299 1297 deicit

159 1356 219 1401 eos
243 1339 303 1419 qui
331 1341 525 1402 sectantur·
552 1338 654 1401 illud.
693 1337 831 1401 sednon
860 1356 984 1401 ornnes
1009 1330 1067 1402 nisi
1089 1338 1299 1421 impruden-

158 1447 214 1506 tes
239 1443 446 1525 disperient
472 1442 507 1504 in
532 1442 606 1507 illo.
645 1442 850 1522 quamobrem
873 1443 945 1524 inge
973 1442 1010 1505 ab
1038 1442 1101 1521 illo,
1132 1442 1186 1520 fili,
1218 1443 1300 1506 sicut
1326 1472 1356 1509 ιο

159 1565 177 1610 a
204 1548 281 1611 facie
312 1548 476 1629 serpentis
508 1548 636 1611 eredens
665 1547 797 1626 Christo,
828 1547 881 1628 qui
910 1547 942 1608 in
973 1547 1134 1629 euangelio
1165 1551 1300 1611 testatm

159 1652 304 1716 omuibus
328 1651 520 1715 hominibus:
551 1652 637 1732 quia
664 1671 733 1715 non
760 1652 796 1714 in
823 1650 1054 1715 abundantia
1080 1651 1298 1733 cuiusquam

159 1757 236 1820 uita
260 1757 337 1819 eius
361 1759 418 1820 est
441 1776 480 1819 er
504 1756 561 1819 lris
585 1775 676 1837 quae
699 1755 878 1838 possidet.

201 1860 230 1924 5.
263 1859 322 1925 Sed
353 1865 384 1925 te
414 1861 544 1925 forsitan
575 1861 686 1924 aetatis
716 1859 830 1924 fiducia
860 1864 890 1924 et
920 1862 1017 1941 stipes
1047 1861 1235 1944 dignitatum
1268 1865 1300 1923 et

159 1965 339 2028 diuitiarum
367 1969 537 2047 augmenta
560 1966 738 2042 sollicitant,
769 1970 805 2028 ut
827 1966 925 2029 dicas:
957 1965 1058 2029 adhuc
1081 1965 1203 2029 iuuenis
1227 1983 1299 2027 sum
1326 1992 1348 2029 a

159 2070 240 2132 etin
262 2074 412 2151 ternpore,
433 2074 467 2133 ut
487 2070 674 2152 permilitem
696 2074 727 2132 et
747 2087 872 2133 uxorem
888 2070 1000 2133 ducam
1022 2074 1053 2134 et
1068 2069 1147 2134 filios
1163 2068 1300 2133 habeam

159 2177 190 2235 et
216 2178 325 2254 postea
351 2173 408 2236 deo
435 2174 581 2236 serrium.
621 2175 659 2236 ad
687 2175 764 2237 haee
790 2174 846 2237 tibi
873 2175 1040 2256 respondet
1071 2192 1133 2238 non
1159 2193 1217 2256 ego
1245 2175 1299 2238 sed

158 2277 312 2356 dominus,
343 2279 396 2359 qui
419 2277 557 2358 loquitur
585 2279 615 2340 in
643 2279 801 2361 prophetis
831 2284 861 2342 et
888 2279 1037 2361 apostolis
1064 2278 1140 2356 suis
1172 2281 1203 2341 et
1228 2296 1300 2360 pro·

157 2381 253 2462 pheta
286 2381 372 2444 dicit:
411 2400 453 2444 ne
488 2382 697 2446 tardaueris
732 2384 900 2446 conuerti
935 2381 978 2444 ad
1012 2382 1198 2446 dominum
1233 2400 1300 2446 uec

158 2485 314 2548 differas
339 2486 380 2548 de
403 2487 459 2548 die
483 2486 519 2549 in
543 2487 651 2566 diem,
676 2506 718 2550 ne
742 2487 868 2550 subito
891 2487 1019 2550 ueniat
1041 2487 1095 2549 ira
1117 2486 1233 2549 illius.
1267 2486 1298 2549 in
1325 2512 1349 2550 eo

52 2632 56 2637 ·
158 2590 320 2672 euangelio
344 2594 448 2654 autem
471 2609 532 2672 quo
556 2593 662 2672 ardore
685 2591 913 2674 properandum
937 2591 978 2654 sit
999 2592 1037 2654 ad
1062 2590 1298 2654 conuersioncm

157 2695 302 2772 ostendit,
333 2713 405 2758 oum
433 2695 523 2758 dicit:
555 2714 573 2758 a
600 2696 731 2759 diebus
760 2701 882 2759 autem
911 2695 1090 2758 Iohannis
1116 2713 1234 2775 usque
1261 2695 1297 2759 in

158 2798 376 2861 hodiernum
399 2800 473 2863 uim
495 2800 640 2882 patitur
667 2819 822 2882 regnum
848 2799 1049 2878 caelorum,
1079 2803 1115 2862 et
1137 2799 1200 2880 qui
1223 2799 1299 2862 uim

158 2902 304 2966 faciunt
330 2903 481 2986 rapiunt
508 2904 611 2968 illud.
651 2904 722 2966 talis
751 2904 899 2967 uiolentia
926 2904 982 2968 deo
1009 2906 1099 2986 grata
1129 2907 1186 2982 est,
1217 2921 1298 2984 quae

261 3118 289 3186 3]
309 3118 388 3172 Ecoli.
407 3121 448 3182 31,
466 3122 494 3179 5;
515 3119 592 3172 Pron.
609 3122 648 3182 11,
666 3121 707 3174 28.
787 3120 816 3188 ti]
836 3118 916 3173 Eccli.
930 3122 1001 3183 31,6
1019 3122 1047 3171 et
1064 3121 1087 3171 7.
1169 3119 1197 3184 9]
1215 3117 1297 3170 Ecoli.

159 3206 234 3267 21,2.
291 3205 522 3274 1211111215.
579 3206 622 3274 111]
642 3205 790 3267 doctiss.
845 3207 891 3275 22]
910 3205 1006 3259 Matth.
1018 3203 1191 3268 11,12;Luc.
1204 3206 1245 3266 16,
1257 3206 1296 3260 lo.

203 3411 216 3462 l
236 3408 475 3476 suae-scriptum]
495 3409 654 3476 acquiretis
732 3413 747 3463 5
765 3406 948 3476 implicabitur
965 3409 1012 3474 bu,
1036 3406 1249 3461 inflammabitur
1265 3427 1296 3474 ar,

159 3493 352 3562 implanabitur
368 3494 423 3550 Col.
477 3495 803 3570 undebu‚na111urCol.
857 3494 1007 3547 ecclesiaste
1024 3513 1048 3549 w
1100 3494 1298 3550 celemensium

161 3583 177 3635 (i
197 3581 253 3634 dati
272 3584 341 3637 coni.
355 3582 474 3649 Lebraa,
494 3581 572 3635 ditati
591 3584 666 3647 brem,
685 3581 827 3650 periclitati
845 3582 899 3636 Col.
953 3581 981 3633 in
994 3598 1084 3634 casum
1096 3584 1165 3637 coni.
1178 3584 1297 3651 meam,

159 3668 185 3720 in
205 3669 252 3737 bu,
271 3686 359 3723 onam
375 3668 429 3724 001.
501 3668 699 3737 boffensionis]
719 3669 774 3722 eius
792 3671 856 3724 cdd.
873 3669 927 3724 Col.
1000 3669 1096 3722 deiecit
1112 3687 1136 3724 w
1205 3672 1297 3724 91111-

159 3754 199 3807 nis
223 3754 274 3807 nisi
297 3754 433 3823 imprudes
452 3757 514 3822 (eie)
530 3754 584 3811 Col.
659 3759 690 3810 lo
709 3756 854 3824 disperient
870 3757 978 3825 scripsi,
1002 3755 1156 3823 dispereunt
1173 3758 1220 3823 bu,
1244 3755 1296 3809 dis·

157 3841 241 3909 periet
259 3860 282 3897 ao
298 3842 352 3898 Uol.
435 3845 466 3897 13
484 3841 536 3894 hiis
559 3861 582 3896 w
662 3843 799 3910 possident
816 3861 836 3897 a
918 3845 949 3897 14
971 3842 1040 3896 forte
1058 3862 1081 3898 w
1160 3841 1256 3911 stirpes
1274 3862 1298 3897 w

154 3935 225 3996 post.
239 3930 325 3997 etta,
345 3929 422 3984 uelao
437 3927 491 3984 Uol.
558 3932 589 3983 15
607 3927 692 3981 hucb
757 3932 788 3984 16
807 3933 834 3982 et
851 3929 879 3982 in
897 3930 1026 3998 tempore]
1046 3935 1087 3982 est
1103 3945 1174 3983 nunc
1190 3932 1297 3998 tempus

161 4015 216 4070 Col.
270 4031 413 4084 parumper
430 4015 543 4068 militem
557 4015 614 4070 Col.
670 4018 701 4070 17
720 4016 768 4068 hee
787 4018 810 4083 b,
830 4016 879 4068 hoc
893 4033 945 4070 >ow
999 4017 1031 4071 18
1047 4015 1173 4085 apostolis
1191 4017 1219 4069 et
1236 4031 1297 4085 pro·

157 4101 245 4168 phetis
263 4121 283 4155 a
335 4102 389 4154 suis
402 4119 485 4157 ocae
538 4102 730 4170 prophetabo,
749 4102 912 4173 perpphaffi
931 4121 959 4169 u,
977 4103 1081 4171 sapiens
1097 4102 1153 4158 Col.
1207 4102 1297 4156 tardes

162 4186 217 4243 Col.
290 4192 320 4243 19
340 4189 399 4257 nac]
419 4205 450 4242 ne
468 4208 492 4244 w
561 4191 592 4243 21
612 4190 825 4258 praeparandum
843 4208 866 4243 ro
927 4191 960 4244 22
979 4190 1058 4257 quib
1124 4189 1163 4257 in]
1183 4187 1216 4242 ad
1240 4190 1296 4245 Ool.

157 4276 191 4328 23
209 4274 367 4328 hodiernum
386 4275 457 4329 diem
475 4296 499 4330 w
515 4277 570 4331 t'ol.
623 4278 657 4331 24
675 4277 755 4346 quae]
774 4277 819 4344 qui
836 4294 861 4331 w
