3036 4770
157 287 223 351 216
495 305 520 360 S.
535 305 666 359 Paulini
684 303 802 358 Nolani
820 305 964 374 episcopi

157 486 209 546 tur
228 481 331 546 nobis:
356 482 408 544 sic
431 482 584 559 currite,
608 484 647 544 ut
670 481 962 563 adprehendatis
985 499 1103 545 omnes.
1129 481 1203 563 quia
1223 483 1299 546 sois-

159 604 241 665 sura,
264 590 299 650 nt
322 585 405 649 idem
429 586 482 664 ait,
505 586 538 649 in
562 603 688 667 corpore
713 603 781 648 esse
804 603 866 650 non
887 590 1000 668 potest,
1023 586 1072 648 cui
1095 589 1191 668 capnt
1211 583 1300 650 dhri-

158 695 225 755 stus
242 696 298 770 est,
319 709 413 772 quem
432 708 631 753 communem
651 688 710 753 sibi
726 690 846 771 apicem
863 707 926 753 nna
942 689 1156 753 membrorum
1172 706 1299 753 suorum

159 813 299 879 conpago
322 795 497 858 comitatur.
522 812 601 875 quae
625 794 771 875 quoniam
795 794 854 857 sibi
874 795 1048 876 discrepare
1071 812 1134 858 non
1156 797 1300 876 possunt,

126 982 130 989 g
159 917 321 963 curramus
344 899 469 980 pariter,
499 902 535 962 ut
561 897 832 979 adprehendamus
859 916 968 962 omnes
995 898 1063 962 sine
1090 897 1301 962 aemulatione
1343 924 1358 963 ⁵

160 1004 295 1068 inuidiae
330 1022 402 1066 cum
437 1003 623 1084 aequalitate
657 1002 819 1082 uictoriae,
853 1006 889 1065 ut
923 1002 1005 1066 sicut
1037 1003 1068 1066 in
1104 1002 1303 1067 contentione

161 1108 304 1171 currendi
330 1105 418 1170 labor
445 1106 562 1171 Christi
590 1125 709 1186 sumus,
739 1107 785 1169 ita
811 1107 842 1170 in
870 1106 1072 1188 perueniendi
1098 1105 1160 1170 tine
1184 1105 1303 1171 curisti

160 1212 338 1294 triumphus
373 1230 441 1275 esse
473 1211 628 1292 possimus
664 1214 694 1273 et
730 1211 892 1274 benedicat
925 1229 981 1275 nos
1015 1210 1046 1273 in
1081 1228 1195 1275 corona
1228 1210 1304 1274 anni

161 1317 365 1399 benignitatis
389 1334 472 1379 suae.

208 1419 256 1483 16.
282 1420 377 1483 Video
401 1423 505 1484 autem
529 1420 611 1500 quod
634 1420 665 1482 in
688 1420 746 1483 hoc
770 1419 939 1483 certamine
967 1437 1028 1483 non
1052 1419 1153 1502 magis
1176 1419 1305 1483 uincere
1332 1446 1360 1484 ro

163 1524 252 1589 nobis
279 1542 374 1606 quam
403 1524 484 1587 uinci
513 1525 646 1606 expedit,
678 1525 750 1604 quia
777 1524 807 1586 in
836 1523 926 1587 nobis
953 1527 985 1587 et
1006 1524 1105 1587 hostis
1129 1528 1161 1587 et
1185 1524 1305 1588 amicus

163 1629 316 1694 habitant.
343 1629 411 1710 quis
434 1634 540 1692 autem
564 1629 640 1692 mihi
663 1628 790 1691 amicior
815 1646 908 1709 quam
932 1629 1058 1710 spiritus
1082 1629 1134 1709 qui
1157 1626 1307 1692 aduersu-

164 1740 214 1799 tur
237 1735 333 1813 carni,
359 1753 398 1796 ne
422 1753 472 1795 me
495 1733 600 1797 trahat
622 1734 653 1795 in
676 1732 778 1815 legem
803 1732 943 1814 peccati?
982 1736 1037 1795 aut
1058 1733 1127 1813 quis
1151 1732 1309 1796 inimicior

164 1838 253 1903 nobis
281 1857 375 1919 quam
404 1856 484 1916 caro,
515 1854 593 1918 quae
622 1837 789 1900 aduersum
817 1837 961 1918 spiritum
989 1854 1044 1917 pro
1074 1836 1203 1899 interitu
1233 1853 1309 1900 con·

165 1943 315 2025 cupiscit?
339 1944 442 2024 itaque
466 1942 620 2005 meliora
640 1941 715 2004 mihi
739 1941 849 2004 amici
872 1941 1042 2020 uulnera,
1066 1958 1146 2021 qnae
1162 1938 1308 2004 Christus
1336 1967 1364 2004 rs

165 2048 294 2130 accepit,
326 2052 361 2110 ut
384 2052 508 2111 sanaret
532 2065 593 2124 me,
624 2063 732 2126 quam
760 2045 975 2109 uoluntaria
1000 2045 1142 2109 inimici
1167 2045 1308 2124 oscula,

166 2150 278 2232 quibus
306 2151 382 2214 mihi
406 2170 459 2232 per
486 2149 659 2214 inlecebras
683 2150 925 2213 delectationum
953 2167 1080 2213 suarum
1108 2165 1180 2212 caro
1208 2148 1309 2212 male-

167 2256 264 2319 suada
284 2255 451 2335 blanditur,
475 2258 511 2318 ut
533 2274 583 2318 me
603 2255 693 2336 quasi
713 2254 766 2316 illo
784 2253 960 2335 parricidali
975 2253 1071 2317 Iudae
1091 2252 1196 2316 osculo
1216 2271 1309 2335 para·

166 2361 205 2424 tis
225 2360 257 2423 iu
277 2359 492 2440 captiuitatem
513 2377 616 2422 meam
635 2359 746 2439 prodat
764 2358 912 2432 inimicis3
936 2358 1018 2438 quod
1037 2360 1143 2421 tamen
1163 2356 1309 2421 osculum

168 2465 311 2529 dominns
335 2482 396 2527 non
419 2463 488 2527 ideo
512 2463 659 2544 suscepit,
688 2467 723 2526 nt
745 2481 853 2545 pacem
877 2462 1041 2544 proditoris
1065 2462 1229 2545 acciperet,
1252 2462 1310 2526 sed
1336 2487 1365 2525 so

168 2576 203 2633 ut
226 2586 316 2632 suam
339 2568 378 2631 ab
402 2568 535 2631 alienato
558 2569 717 2649 reciperet.
752 2583 942 2649 quamquam
967 2571 999 2630 et
1021 2567 1098 2630 illud
1120 2567 1160 2629 ad
1183 2566 1310 2629 intuen-

169 2674 241 2737 dum
272 2673 426 2755 perfectae
457 2671 606 2736 bonitatis
637 2672 814 2752 exemplum
841 2673 940 2735 teneri
970 2668 1094 2735 salubre
1126 2671 1176 2749 sit,
1207 2674 1243 2733 ut
1272 2688 1310 2734 ec

169 2776 291 2856 affectu,
323 2795 384 2858 quo
411 2780 442 2839 et
465 2776 605 2839 inimicos
630 2775 715 2857 diligi
739 2775 835 2855 iubet,
866 2776 1002 2839 amicum
1024 2775 1166 2839 osculum
1189 2773 1313 2838 dederit

169 2882 253 2963 pacis
283 2881 417 2959 inimico,
449 2880 646 2944 dilectionem
673 2879 805 2942 reddens
833 2897 888 2961 pro
916 2874 985 2943 odio
1014 2879 1067 2961 qui
1093 2895 1148 2961 pro
1179 2895 1237 2942 sua
1264 2877 1312 2941 di·

169 2985 301 3049 lectione
324 2984 428 3049 odium
451 2984 627 3066 recipiebat.
1338 3007 1364 3046 n

275 3235 303 3303 5]
323 3235 347 3301 (Ι
359 3232 418 3289 Cor.
432 3238 456 3297 9,
469 3236 521 3302 24).
575 3234 603 3302 8]
622 3235 675 3303 (Ps.
690 3236 731 3301 64,
744 3235 793 3301 12).
850 3234 1083 3302 151Pr0u.27‚6.
1139 3231 1183 3300 18]
1202 3231 1310 3298 (Maru.

171 3325 213 3386 ac,
226 3323 277 3389 re).
332 3320 378 3389 aa]
397 3321 504 3388 (natta
518 3324 542 3387 5,
554 3323 607 3388 44).
660 3321 707 3389 ar]
725 3320 779 3387 (rs.
795 3323 852 3383 roa,
867 3322 901 3388 o).

218 3561 230 3612 l
251 3558 288 3610 sic
306 3574 338 3611 ca
357 3557 413 3623 sig
432 3561 496 3610 aad
570 3555 774 3624 adprehendatis
798 3556 828 3622 Ο,
851 3553 1056 3624 apprehendatis
1079 3556 1114 3621 L,
1138 3555 1311 3623 comprehen-

60 3631 62 3636 ’
174 3645 243 3698 datis
271 3647 302 3712 U,
326 3642 498 3712 apprendatis
522 3649 568 3698 cet.
639 3645 655 3697 3
678 3643 769 3711 quem]
795 3659 874 3710 quem
897 3645 928 3694 ut
950 3643 1032 3710 LMg
1102 3647 1267 3710 dcumpago
1286 3643 1314 3696 P

175 3731 332 3785 icurrendi
352 3732 442 3797 LMx,
461 3729 591 3782 currendo
610 3738 655 3784 cet.
709 3735 884 3799 reposcamus
903 3729 944 3783 Νι
998 3745 1120 3783 coronam
1140 3731 1196 3796 Μχ
1248 3729 1313 3782 anni

174 3881 224 3917 om.
245 3862 326 3928 LMZ
391 3863 422 3915 12
441 3817 529 3930 rir'fflr
584 3860 716 3913 amicitior
737 3860 790 3915 Oli
851 3862 882 3914 13
902 3860 1025 3913 detrahat
1043 3861 1090 3928 Ly(
1160 3860 1218 3929 lege
1236 3861 1313 3928 Lug

175 3949 329 4001 inimicitior
346 3950 403 4016 ΟΠ,
423 3948 655 4002 inimicicicrLM
707 3951 738 4001 ld
757 3947 898 4000 aduersum
915 3947 945 4013 Ο,
963 3947 1089 4000 aduersus
1108 3955 1152 4002 cet.
1177 4005 1179 4010 ,
1209 3946 1313 4002 15qu-

176 4095 238 4131 nera
257 4079 334 4132 amici
353 4081 435 4146 LMx
508 4083 539 4134 16
557 4079 658 4147 excepit
675 4079 758 4144 ΕΜχ
823 4094 881 4131 mea
899 4079 980 4145 LMg
1053 4080 1084 4133 17
1104 4023 1257 4130 marecolis
1274 4070 1314 4144 (¹¹

176 4168 285 4233 rn.rec.)
304 4168 345 4232 M,
365 4166 513 4219 malesuasa
528 4168 555 4220 L
610 4169 642 4222 18
661 4166 688 4218 in
707 4165 753 4218 illo
773 4166 830 4220 FU
888 4165 1050 4233 parricidiali
1070 4165 1153 4221 FPU
1210 4167 1245 4220 23
1263 4165 1314 4218 ini·

177 4253 262 4304 micus
281 4251 405 4320 diligitur
423 4253 503 4305 etiam
522 4254 560 4319 [et
578 4254 636 4320 Lx)
655 4253 772 4305 amicum
790 4252 874 4318 LMx
926 4254 960 4307 ‘24
978 4251 1038 4304 odio
1051 4251 1088 4320 χ1
