3036 4770
569 312 713 382 epistula
731 313 833 376 XXIII,
852 330 873 366 e.
887 316 962 368 5-7.
1275 296 1336 361 163

197 492 319 574 siligine
346 489 437 554 nobis
463 491 566 573 pultes
594 489 649 552 sed
677 489 777 553 farina
804 489 935 554 coniecit
962 493 1016 553 aut
1043 490 1139 554 milio.
1178 507 1214 554 ao
1242 509 1281 555 ne
1302 490 1336 554 in

195 595 254 660 hoe
277 596 344 678 ipso
367 594 530 658 delicatius
558 594 721 658 nobiscum
751 611 842 677 agere
870 593 1029 658 uideretur
1052 595 1105 675 qui
1127 612 1184 659 nos
1208 593 1246 658 ad
1269 612 1335 658 ore·

194 701 256 763 nim
280 699 503 763 monachornm
525 696 658 781 parabat
680 697 820 777 inbuere,
843 696 950 761 fabam
973 697 1096 762 intriuit
1118 699 1250 781 panicio,
1274 716 1335 781 quo

195 803 285 867 citius
316 803 507 867 senatorium
537 820 724 886 poneremus
755 801 926 866 fastidium.
970 802 1023 865 sed
1054 803 1088 867 in
1119 801 1335 867 benedictione

158 934 169 972 s
196 907 366 971 dulcedinis
390 909 512 971 animae
538 907 663 971 delicias
688 904 894 985 habebamus,
917 907 1111 989 gratulantes
1134 907 1216 988 quod
1239 907 1335 972 frater

195 1013 288 1076 etiam
315 1012 347 1075 in
376 1010 557 1075 carnalibus·
582 1009 764 1074 ministeriis
792 1010 940 1093 spiritalis
963 1011 1149 1094 propheticis
1176 1029 1232 1076 nos
1255 1010 1334 1076 cibis

193 1119 346 1198 pasceret.
374 1133 448 1179 nam
470 1116 503 1179 in
526 1115 713 1179 contritione
736 1114 891 1197 permixta
913 1133 1011 1197 panes
1033 1115 1104 1179 illos
1127 1114 1335 1179 tribulationis

193 1221 334 1284 imitatus
362 1225 419 1299 est,
450 1236 527 1300 quos
550 1218 694 1282 Ezechiel
717 1219 869 1301 propheta
892 1218 929 1283 de
956 1219 1042 1283 uario
1064 1219 1163 1302 frugis
1191 1222 1222 1283 et
1243 1219 1334 1283 farris

194 1323 345 1387 conficere
373 1322 433 1387 sibi
460 1341 574 1406 genere
600 1323 704 1386 iussus
735 1325 783 1386 est
810 1325 841 1387 et
868 1322 908 1386 ad
936 1323 1167 1405 expressionem
1190 1323 1334 1387 Iudaicae

146 1454 169 1493 ιο
194 1427 393 1506 confusionis,
425 1429 477 1508 qui
499 1425 588 1490 obliti
611 1427 704 1490 deum
733 1427 1019 1490 inmutauerunt
1044 1427 1204 1510 gloriam
1231 1445 1333 1491 suam

194 1533 231 1595 in
254 1531 542 1595 similitudinem
565 1530 677 1594 uituli
698 1531 961 1594 manducantis
981 1530 1122 1611 fenum,
1146 1531 1178 1594 in
1199 1535 1334 1596 stercore

193 1637 288 1701 boum
312 1654 441 1716 coquere
465 1639 629 1716 coctosque
643 1633 709 1702 ,sub
729 1635 844 1699 foetido
865 1635 966 1698 cinere
987 1653 1058 1698 cum
1078 1635 1215 1699 lacrimis
1236 1637 1334 1719 capti-

194 1741 301 1805 uitatis
332 1741 363 1802 in
397 1757 543 1803 mensura
573 1758 707 1818 sumere,
739 1739 884 1803 uidelicet
914 1743 950 1802 ut
977 1743 1237 1822 supernanturam
1264 1759 1334 1828 per·

194 1844 282 1908 fidiae
307 1861 381 1906 suae
405 1861 537 1925 poenam
561 1844 760 1925 corporaliter
782 1843 813 1906 in
835 1843 988 1925 propheta
1011 1844 1166 1927 signatam
1190 1843 1333 1926 prouide-

145 1974 168 2012 15
193 1953 262 2013 rent
282 1954 313 2011 et
333 1949 383 2012 uel
404 1949 447 2012 ita
466 1951 697 2012 reuerterentur
716 1948 754 2011 ad
770 1948 943 2028 dominum,
965 1948 991 2010 si
1007 1966 1059 2011 eos
1076 1948 1114 2011 ad
1129 1948 1332 2031 penitendum

193 2072 253 2118 uon
278 2054 378 2116 solum
408 2046 511 2115 uerbis
540 2052 724 2115 denuntiata
747 2036 800 2114 sed
832 2053 926 2115 etiam
958 2053 1136 2134 corporibus
1166 2052 1332 2135 propheta-

192 2176 262 2221 rum
286 2174 432 2240 expressa
454 2155 564 2219 offensi
588 2156 636 2218 dei
659 2146 705 2218 ira
727 2159 895 2219 reuocaret.
965 2157 966 2160 ’

236 2260 264 2325 l.
289 2261 396 2324 Voluit
423 2278 495 2342 ergo
524 2261 618 2324 irater
640 2259 762 2339 Victor,
795 2264 830 2322 ut
859 2278 921 2323 nou
949 2260 1050 2323 solum
1078 2259 1191 2324 ieiunio
1219 2261 1333 2325 sedet

192 2366 260 2429 cibo
283 2364 449 2428 humiliare
473 2365 610 2427 animam
634 2364 824 2427 disceremus
849 2369 880 2426 et
903 2364 1112 2428 recordatione
1132 2368 1331 2445 peccatorum

143 2494 166 2532 eo
192 2474 333 2554 ueterum
364 2469 585 2548 intellectuque
616 2468 828 2550 praesentium
859 2469 964 2531 tristes
999 2468 1186 2531 manducare
1216 2487 1332 2551 panem

192 2573 314 2652 dolone,
339 2572 482 2654 quamuis
507 2592 542 2635 er
564 2576 652 2654 parte
675 2572 765 2636 nobis
788 2573 960 2655 pepercerit
981 2572 1086 2636 fabam
1106 2575 1228 2636 tantum
1245 2572 1331 2636 milio

191 2677 374 2759 panicioque
403 2677 605 2754 confundens
637 2676 718 2757 quod
747 2679 853 2740 tamen
880 2676 1011 2739 forsitan
1039 2675 1205 2740 obliuiouis
1229 2676 1330 2759 magis

192 2799 285 2861 quam
313 2780 534 2844 moderaminis
558 2781 662 2844 fuerit.
700 2799 772 2845 nam
800 2781 893 2844 homo
922 2784 1047 2844 sanctus
1074 2780 1159 2844 fideli
1186 2780 1331 2846 cautione

192 2887 356 2950 metuisset
383 2886 500 2967 aliquid
527 2885 615 2949 uobis
640 2886 677 2949 de
706 2886 858 2968 scriptura
886 2889 996 2948 sancta
1018 2884 1211 2964 subtrahere,
1242 2889 1273 2948 et
1295 2889 1331 2949 ut

143 3016 165 3054 a
191 2993 287 3054 totam
312 2990 398 3053 iuxta
418 2990 464 3053 dei
487 2989 619 3053 uerbum
640 2990 866 3054 confectionem
887 2988 1057 3073 prophetici
1077 2989 1166 3072 panis
1186 2989 1330 3071 inpleret,

294 3240 322 3308 a]
342 3241 524 3306 (aroenae).
581 3241 801 3309 roprsioaro.
856 3240 1083 3308 repressae).
1151 3248 1155 3256 ·

232 3476 458 3545 2ipsohoeLM
509 3476 611 3544 oryxim
624 3475 712 3531 LMO
764 3475 1177 3545 SpanitioFLMO,panicoU
1226 3479 1329 3531 isene·

190 3568 278 3616 torum
297 3564 362 3617 ΕΜ
428 3563 624 3630 imponeremus
648 3563 678 3616 F
744 3561 883 3615 fastidium
908 3561 937 3629 0,
961 3562 1099 3631 fastigium
1123 3570 1168 3618 cet.
1240 3564 1330 3620 ehie-

190 3650 287 3705 zechiel
304 3651 331 3704 L
403 3650 510 3703 denario
528 3651 612 3705 FPU
679 3653 812 3717 bigenera
837 3649 963 3703 conficere
987 3649 1038 3703 sibi
1056 3652 1091 3704 Μ
1158 3651 1231 3703 uisus
1250 3650 1333 3707 FPU

193 3743 222 3793 10
241 3737 317 3790 obliti
337 3741 400 3790 sunt
419 3737 448 3790 F
509 3736 658 3790 rabodum
679 3737 734 3791 PU
801 3751 911 3804 coquere
929 3753 962 3791 cx
980 3751 1062 3802 eaque
1081 3753 1107 3788 re
1126 3736 1168 3791 Ρ·
1230 3740 1329 3790 coetos-

190 3840 239 3891 que
267 3842 317 3879 ora.
337 3824 367 3878 F
435 3824 576 3892 eaptinatis
603 3823 658 3878 LO
730 3825 761 3877 13
790 3838 914 3875 mensura
941 3838 1060 3875 mensam
1084 3823 1118 3889 F,
1145 3838 1265 3877 mensam
1288 3823 1330 3878 1³²

190 3911 309 3980 perfidiei
329 3912 356 3964 P
410 3915 440 3965 14
459 3911 534 3979 suae]
554 3910 609 3963 siue
632 3913 658 3964 ll
710 3913 741 3965 15
760 3908 967 3964 reuertenturO
1020 3908 1126 3964 dorirO
1179 3911 1211 3965 16
1230 3909 1330 3963 denun-

190 3999 286 4051 ciatam
306 3998 367 4065 FP,
387 3997 599 4065 deuumptiatam
622 4000 647 4052 U
709 4000 739 4051 17
759 4012 907 4066 expressam
926 3994 1027 4051 FP²r³
1076 3995 1169 4049 offensi
1187 3998 1249 4060 Mc,
1267 3996 1349 4050 offe--

190 4101 250 4138 rens
268 4091 313 4141 cet.
387 4082 416 4136 di
433 4102 465 4138 ac
483 4084 562 4138 dot)
632 4084 698 4136 iram
719 4084 775 4139 Fir
842 4085 873 4136 21
893 4082 1041 4151 perceperit
1060 4081 1100 4136 P¹
1170 4085 1200 4138 21
1225 4083 1330 4152 panicio

190 4172 301 4241 (punitio
322 4174 355 4238 P,
374 4172 469 4239 panico
492 4174 529 4237 U)
549 4171 675 4237 miliaque
694 4172 776 4224 FPI'
853 4171 886 4224 22
905 4168 1069 4222 confundens
1087 4169 1144 4225 FU
1212 4168 1333 4237 quidU

190 4262 222 4317 25
240 4262 329 4313 totum
348 4258 378 4312 F
427 4257 617 4329 protectionem
638 4258 720 4315 Fre

1125 4343 1173 4396 11*
