3052 4784
564 325 709 395 epistula
727 324 867 389 XXVIIII,
887 342 907 380 0.
922 328 996 382 1-3.
1293 301 1356 371 249

216 507 271 569 ret.
309 504 425 567 oratio
450 503 544 582 enim,
569 503 681 584 inquit,
705 502 944 566 humiliantis
968 519 1005 564 se
1029 501 1146 566 nubes
1168 506 1356 584 penetrat3

216 625 276 689 quo
306 611 415 672 contra
444 608 497 671 ille
525 607 692 672 iactantiae
720 624 795 671 suae
823 606 933 691 spiritu
964 606 1052 670 diues
1074 605 1273 686 Pharisaeus,
1304 606 1357 686 qui

216 712 411 794 inputatione
438 729 567 796 operum
591 710 779 792 debitorum,
811 712 884 793 quia
912 711 1038 794 exlege
1065 710 1213 793 operandi
1237 710 1357 775 debitor
1429 724 1435 735 ·

216 819 292 895 erat,
322 820 428 881 tamen
456 817 545 898 quasi
574 815 751 880 uoluntaria
778 817 904 880 iecisset
933 834 1027 898 supra
1054 815 1204 895 debitum,
1234 815 1357 897 praedi-

175 948 188 986 s
215 923 300 985 cator
323 921 381 1000 sui,
412 925 574 985 accusator
601 921 704 1001 alieni,
734 920 787 1002 qui
815 921 996 984 conueniret
1020 919 1121 1004 magis
1145 921 1238 983 deum
1261 938 1356 1001 quam

214 1029 348 1109 rogaret,
369 1025 484 1089 intrare
505 1042 567 1088 non
583 1025 696 1107 potuit,
717 1025 789 1106 quia
810 1024 1037 1089 subsarcinatos
1058 1028 1126 1088 arta
1140 1041 1203 1088 non
1220 1025 1355 1107 capiunt.

215 1147 273 1193 nec
294 1133 417 1211 poterat
439 1147 475 1193 eo
499 1129 594 1212 recipi
617 1130 682 1193 lata
703 1130 863 1209 iaetantia,
895 1146 955 1210 quo
982 1147 1015 1192 se
1038 1129 1198 1194 humilitas
1223 1131 1358 1212 angusta

214 1235 351 1324 conlegit
382 1238 413 1297 et
443 1239 577 1318 angusto
609 1235 770 1316 angustior
801 1233 926 1297 contriti
960 1233 1060 1297 cordis
1095 1233 1232 1298 exilitate
1261 1252 1357 1315 pene-

214 1339 318 1403 trauit.

164 1471 188 1508 m
258 1441 288 1506 3.
312 1442 527 1507 Interueniant
551 1444 706 1506 orationes
727 1449 809 1523 tuae,
833 1447 868 1507 ut
887 1442 1026 1507 animam
1047 1459 1149 1507 meam
1169 1443 1357 1506 1111111001-

216 1547 358 1630 ruptione
381 1547 544 1610 discissam
573 1551 605 1610 et
631 1547 729 1630 spinis
755 1565 895 1611 meorum
919 1566 1069 1611 sensuum
1093 1551 1210 1611 temere
1233 1564 1357 1611 conser-

215 1656 281 1716 tam
304 1651 478 1715 dominicae
501 1651 602 1715 erucis
631 1669 705 1715 acus
733 1653 850 1716 inserto
873 1651 963 1716 uerbi
986 1651 1132 1716 salutaris
1155 1651 1207 1716 filo
1229 1652 1356 1724 sarciam

215 1756 308 1820 fidem
332 1757 415 1820 enim
438 1760 469 1820 et
490 1755 624 1821 uerbum
647 1757 747 1820 crucis
771 1755 884 1821 Christi
907 1756 989 1821 hanc
1012 1755 1146 1821 arbitror
1169 1775 1270 1850 acum,
1297 1773 1358 1838 qua
1429 1762 1439 1781 ‘

215 1860 299 1924 uitae
322 1864 447 1925 nostrae
466 1861 592 1925 habitus
617 1861 792 1941 innonatur,
818 1880 906 1925 mous
930 1865 1038 1925 nostra
1058 1861 1266 1944 compungitur
1286 1878 1357 1925 nos·

165 1989 189 2030 rs
216 1983 276 2046 que
303 1965 362 2048 ipsi
385 1965 442 2029 deo
464 1984 520 2048 per
547 1965 761 2029 intumentum
788 1965 885 2048 ipsius
913 1965 1091 2030 mediatoris
1115 1965 1285 2029 adsuimur.
1324 1966 1357 2029 in

216 2069 325 2132 eodem
356 2072 406 2132 est
435 2073 467 2133 et
493 2070 633 2133 foramen
664 2070 751 2148 illud,
782 2071 855 2151 quia
881 2089 936 2153 per
966 2070 1070 2153 ipsum
1100 2075 1131 2134 et
1158 2071 1191 2133 in
1221 2071 1287 2152 ipso
1318 2069 1355 2133 ad

215 2175 315 2237 uitam
346 2173 397 2237 uia
426 2173 480 2237 illa
512 2173 620 2238 multis
650 2173 879 2254 desiderabilia,
912 2174 1020 2256 paucis
1050 2174 1268 2256 penetrabilis,
1302 2192 1358 2256 per

216 2295 311 2360 quam
345 2278 467 2342 facilius
504 2278 677 2362 ingreditur·
711 2279 874 2342 humiliata
912 2279 1058 2360 iniquitas
1093 2297 1189 2360 quam
1223 2279 1358 2361 superba

216 2383 344 2446 iustitia.
383 2401 443 2464 quo
474 2382 624 2447 maiorem
656 2382 744 2447 uobis
775 2386 810 2446 ut
833 2384 961 2446 medicis
989 2383 1180 2465 spiritalibus
1207 2383 1357 2447 dehemus

164 2512 190 2550 so
216 2487 365 2571 gratiam,
400 2488 453 2569 qui
483 2488 577 2551 etiam
608 2487 747 2552 carnalia
781 2487 871 2552 nobis
901 2507 1033 2552 munera
1063 2488 1196 2571 spiritali
1225 2488 1358 2552 utilitate

217 2592 375 2672 confertis
405 2596 440 2655 ut
461 2591 540 2656 haec
562 2593 658 2674 pallia
680 2591 770 2656 nobis
794 2593 832 2656 ad
856 2593 1017 2656 stimulum
1042 2593 1191 2657 orationis
1214 2595 1246 2656 et
1269 2591 1359 2656 habi-

217 2700 285 2759 tum
312 2696 497 2760 humilitatis
526 2700 687 2778 tamquam
716 2697 814 2760 sterili
842 2697 886 2760 illi
908 2695 1059 2761 ficulneae
1086 2696 1256 2780 cophinum
1280 2701 1358 2760 ster·

217 2800 296 2865 coris
326 2801 483 2864 miseritis.
522 2801 553 2863 in
585 2818 646 2882 quo
669 2801 745 2863 mihi
769 2800 892 2865 uidetur
919 2805 1046 2864 aeterna
1073 2802 1141 2882 piae
1173 2801 1359 2865 humilitatis

217 2905 336 2969 utilitas
356 2904 496 2984 indicari,
516 2923 595 2986 quae
615 2905 754 2970 sterilem
769 2906 916 2969 fecundat
931 2906 1078 2984 animam,
1099 2924 1139 2970 ne
1155 2924 1209 2988 per
1224 2922 1358 2969 uacuam

164 3033 190 3072 aa
217 3009 418 3093 adrogantiae
442 3010 578 3091 speciem
604 3009 661 3073 sibi
685 3010 769 3073 iuxta
791 3010 879 3073 illum
896 3009 1101 3073 Pharisaeum
1120 3010 1248 3092 placens
1272 3010 1359 3073 uelut

216 3113 308 3178 orbor
341 3114 449 3178 infelix
479 3113 622 3197 frugibus
653 3113 755 3178 inutili
785 3113 894 3177 fronde
924 3114 1067 3177 luxuriet.
1114 3132 1208 3194 quam
1240 3113 1357 3177 bonum

218 3222 323 3282 autom
357 3222 387 3282 et
421 3218 497 3282 utile
531 3218 569 3282 ad
601 3219 757 3282 culturam
796 3218 905 3281 salutis
941 3218 1119 3281 huiusmodi
1152 3221 1272 3281 stercus
1306 3219 1358 3298 sit,

218 3322 364 3386 docemur
393 3323 425 3386 in
453 3322 543 3386 beato
567 3322 633 3402 Iob,
664 3323 717 3404 qui
744 3326 911 3405 postquam
938 3322 1020 3386 sedit
1046 3322 1077 3385 in
1102 3326 1248 3402 stercore,
1278 3325 1358 3386 tem-

324 3504 351 3573 1]
374 3504 564 3568 ascusam.
639 3503 917 3574 101111111114).
989 3502 1240 3573 1111110100).
1311 3500 1358 3570 aa]

218 3591 291 3660 (nuo.
307 3593 347 3656 re,
362 3591 412 3660 11).
465 3592 510 3661 aa]
530 3591 758 3659 (Marthama).
813 3590 859 3660 aa]
878 3590 937 3659 (ion
955 3593 980 3655 2,
993 3591 1028 3660 a).

260 3759 276 3813 2
295 3757 359 3827 quo]
378 3757 468 3825 quaO
521 3757 747 3826 3computatione
760 3757 829 3823 (com
848 3759 879 3811 in
896 3756 961 3825 ros.)
974 3758 1000 3812 L
1051 3714 1162 3812 Ι11111011
1176 3761 1312 3814 accursator
1325 3761 1362 3815 M

218 3844 449 3900 tisuhsarcinatos
468 3846 532 3899 ΕΜ
598 3847 732 3911 701101]
798 3843 980 3913 8colligitO
1049 3848 1201 3913 augustae
1272 3846 1357 3900 cordis

217 3933 306 4000 Loro,
333 3930 412 3985 corde
439 3938 485 3987 cet.
558 3935 590 3987 10
617 3931 859 3985 intenreniuut-l.
879 3935 911 3987 15
934 3931 1072 3985 adsuimur
1094 3934 1151 3988 exb.
1170 3935 1194 3983 Δ
1215 3933 1261 3998 (=
1278 3934 1357 3988 Dun-

217 4020 307 4088 9olus)
359 4017 563 4073 correctioneU
616 4021 644 4073 ll
660 4018 802 4071 descissam
817 4018 866 4072 AO
919 4022 1068 4072 consectam
1083 4020 1140 4074 Fli
1192 4021 1223 4074 13
1236 4020 1274 4089 et]
1288 4023 1319 4073 ut
1331 4022 1361 4075 F

217 4121 268 4174 quo
287 4106 397 4162 AFOU
449 4107 480 4160 14
499 4106 586 4173 mens]
606 4122 677 4158 mors
696 4107 805 4162 AFPU
857 4109 888 4160 15
908 4104 990 4173 ipsius
1009 4124 1061 4161 om.
1080 4108 1117 4161 M
1169 4109 1200 4161 16
1219 4106 1246 4159 iu
1266 4125 1316 4162 cm.
1334 4109 1361 4164 U

218 4195 250 4248 17
269 4191 376 4261 multis]
394 4191 485 4260 paucis
504 4193 540 4245 M
606 4195 640 4247 20
659 4191 744 4260 spinuli
766 4193 800 4246 M
865 4192 1257 4262 2200fin11m0,cophenum
1276 4194 1362 4250 FPU

217 4281 251 4334 26
269 4295 349 4347 quem
369 4279 434 4332 utile
453 4281 543 4331 autem
561 4277 596 4331 ad
615 4279 651 4332 M
