3036 4770
159 311 223 375 212
493 327 665 383 &Paulini
683 328 803 382 Nolani
822 327 971 396 episcopi

156 505 250 569 duam
273 505 385 569 messis
409 508 552 569 uetustae
575 505 726 588 stipulam
750 522 851 569 sermo
875 504 991 588 ignitus
1012 504 1162 568 aooendat
1182 509 1214 568 et
1233 504 1298 568 ani·

157 627 242 672 mam
269 611 410 673 nostram
442 609 532 691 quasi
563 627 709 692 eampum
744 626 842 672 nonae
873 609 985 673 sationi
1014 613 1188 690 praeparet,
1218 626 1299 689 quae

156 714 271 778 laetam
292 714 445 777 uirtutum
463 717 603 796 segetem
619 713 784 778 eradicatis
799 714 941 795 inpresso
957 713 1055 778 diuini
1070 712 1159 776 uerbi
1175 731 1299 778 uomere

158 817 255 900 spinis
277 816 374 881 libere
397 816 537 881 effundat
559 817 732 900 dignasque
755 817 941 882 caelestibus
965 817 1083 882 horreis
1102 817 1210 900 fruges
1231 835 1299 900 per·

158 925 264 1003 empta
290 921 471 1004 graminum
501 922 663 986 noxiorum
694 923 789 1004 stirpe
817 922 1013 1005 multiplicet.
1052 922 1108 986 sed
1134 923 1209 1003 quia
1238 939 1298 986 non
1336 947 1348 984 s

158 1025 349 1110 agricultura
382 1031 507 1090 tantum
542 1026 597 1090 sed
631 1026 802 1090 aedificatio
833 1027 883 1089 dei
912 1044 1031 1106 sumus,
1062 1027 1114 1107 qui
1141 1027 1244 1109 matio
1269 1030 1300 1089 et

158 1130 268 1212 spiritu
292 1130 359 1193 eius
382 1149 418 1194 ao
441 1130 536 1194 uerbo
560 1131 689 1195 ooiimur
713 1136 744 1195 et
764 1131 925 1210 struimur,
948 1130 1166 1195 aedificaturus
1187 1147 1244 1195 nos
1264 1147 1299 1194 eo

158 1235 278 1314 itinere,
309 1253 368 1316 quo
391 1238 463 1316 post
489 1254 522 1299 se
549 1241 649 1315 uooat,
679 1236 740 1299 isto
764 1254 856 1319 opere
878 1240 1052 1317 praeparat,
1082 1253 1143 1316 quo
1166 1235 1300 1299 uenditis

158 1338 251 1406 rebus
280 1339 402 1403 absolui
428 1340 515 1422 prius
542 1341 665 1414 suadet;
696 1358 828 1422 quarum
856 1357 930 1403 eura
957 1340 1007 1404 uel
1038 1358 1126 1404 amor
1152 1340 1300 1421 quoniam

159 1444 275 1507 mentis
310 1445 407 1526 ipsius
437 1445 639 1528 praestringit
670 1445 770 1508 aoiem
803 1449 835 1508 et
863 1444 1001 1508 animam
1033 1443 1071 1509 ab
1101 1443 1300 1509 interioribus
1326 1467 1350 1505 ιο

160 1549 223 1612 suis
254 1547 422 1612 abductam
451 1549 490 1612 ad
521 1549 673 1613 exteriora
703 1550 860 1628 sollicitat,
895 1549 970 1614 dieit
999 1549 1095 1613 etiam
1126 1547 1217 1613 nobis
1247 1567 1301 1632 per

160 1652 359 1735 prophetam:
390 1657 521 1716 uaoate
553 1658 588 1717 et
618 1654 757 1733 uidete,
790 1653 961 1734 quoniam
992 1670 1056 1736 ego
1085 1671 1164 1716 sum
1191 1652 1302 1717 domi-

161 1775 238 1821 nus.
262 1774 366 1820 nonne
390 1757 494 1821 ethio
517 1758 641 1821 uidetur
664 1758 780 1821 disere:
804 1775 874 1821 non
897 1759 1055 1840 potestis
1079 1756 1221 1828 duobus
1244 1757 1301 1821 do-

161 1860 271 1925 minis
295 1863 457 1925 seruire?
488 1880 550 1926 non
575 1863 660 1926 enim
682 1863 781 1926 otium
805 1862 894 1926 nobis
917 1862 1028 1926 suadet
1049 1862 1108 1925 hoo
1130 1861 1225 1926 uerbo
1248 1861 1303 1943 qui

159 1967 315 2030 instanter
337 1984 425 2031 orare
449 1971 481 2030 et
504 1967 635 2050 uigilare
658 1985 715 2031 nos
738 1972 854 2046 monet,
878 1987 916 2030 ne
939 1968 1093 2030 intremus
1114 1967 1147 2030 in
1166 1954 1303 2049 tempta·
1329 1990 1353 2028 rs

161 2071 289 2150 tionem,
321 2070 377 2134 sed
404 2088 515 2134 uaoare
543 2089 561 2134 a
587 2072 721 2150 saeculo,
753 2077 788 2135 ut
815 2089 1002 2152 oeenpemur
1028 2071 1096 2150 sibi,
1127 2089 1240 2134 uaoare
1263 2069 1301 2134 ab

162 2174 211 2237 his
234 2175 378 2257 negotiis
402 2174 515 2255 quibus
538 2176 678 2257 inplioati
702 2176 835 2240 otiamur
858 2176 924 2239 deo.

207 2277 256 2341 12.
280 2277 391 2359 ltaque
414 2280 585 2343 nouitatem
609 2281 691 2344 uitae
714 2281 745 2343 in
766 2278 856 2344 nobis
876 2278 1076 2344 aedificantes
1096 2289 1225 2343 neeesse
1245 2285 1304 2358 est,

162 2389 197 2446 ut
219 2386 411 2446 uetustatem
433 2382 641 2462 destruamus,
665 2388 696 2447 et
712 2385 784 2465 quia
804 2385 925 2448 nullum
941 2382 1077 2448 tenebris
1098 2401 1169 2447 oum
1184 2384 1304 2448 lumine

163 2491 195 2550 et
221 2505 418 2551 mammonae
446 2506 518 2551 eum
542 2485 666 2552 Christo
692 2492 795 2571 potest
822 2508 891 2552 esso
918 2488 1151 2567 eommeroium,
1181 2491 1305 2570 oportet
1330 2512 1356 2553 ao

162 2592 252 2655 nouis
276 2595 311 2656 ut
333 2596 441 2655 uetera
463 2595 623 2656 mutemus
650 2598 681 2656 et
703 2593 913 2674 oeeupationis
936 2593 1050 2675 pariter
1073 2610 1109 2656 ao
1132 2592 1304 2657 uacationis

162 2714 276 2778 genere
310 2713 461 2761 conuerso
498 2696 683 2779 inplieemur
716 2696 827 2778 quibus
862 2697 1059 2776 uaeauimus,
1097 2701 1133 2761 ut
1166 2696 1304 2761 uicissim

163 2817 311 2863 uaeemus
335 2799 447 2881 quibus
470 2801 586 2864 fuimus
610 2800 760 2883 inplicati,
788 2801 957 2865 moriamur
980 2801 1092 2882 quibus
1115 2801 1250 2865 uiximus
1273 2805 1306 2865 et

164 2903 310 2967 uiuamus
337 2903 475 2968 uicissim
502 2905 551 2968 his
578 2904 724 2987 operibus
752 2923 788 2968 ao
815 2905 937 2985 studiis,
967 2905 1079 2988 quibus
1107 2905 1223 2968 mortui
1246 2905 1305 2969 iui-

270 3119 299 3188 6]
318 3119 342 3186 (6
360 3119 418 3175 eor.
432 3122 456 3184 6,
471 3122 499 3182 6;
518 3119 584 3188 epu.
598 3123 622 3183 a,
635 3122 686 3189 21).
760 3121 805 3190 12]
824 3121 867 3175 rs.
885 3124 981 3184 4611.
1054 3122 1098 3191 ra]
1116 3121 1212 3176 naen.
1226 3124 1251 3185 6,
1263 3124 1303 3177 aa.

166 3206 210 3275 15]
229 3205 336 3274 (matth.
348 3208 391 3271 as,
403 3209 450 3269 41;
468 3206 531 3260 Lus.
547 3210 587 3270 12,
600 3209 653 3275 466.
708 3208 752 3276 66]
771 3208 856 3274 (som.
871 3212 894 3271 6,
908 3211 941 3276 s).

210 3410 222 3463 l
244 3407 371 3462 aooendat
389 3407 488 3471 M¹0²‚
508 3408 628 3462 accendit
650 3409 695 3477 0¹,
715 3409 839 3462 incendat
857 3417 902 3465 cet.
973 3413 990 3466 2
1009 3411 1110 3464 satione
1130 3410 1169 3466 0¹
1240 3426 1306 3478 quae

150 3496 199 3561 -0‚
218 3510 268 3563 quo
288 3496 348 3562 PU,
367 3511 419 3562 qua
436 3496 526 3563 LMg,
546 3495 591 3562 qui
610 3495 655 3550 Fr
725 3498 740 3549 6
760 3496 843 3564 spinis
860 3515 912 3552 om.
931 3498 961 3550 F
1027 3496 1109 3550 libere
1127 3497 1216 3563 FPU,
1239 3496 1306 3550 liber

165 3590 210 3638 666.
265 3582 426 3651 dignamque
444 3583 546 3650 Lorrg
607 3583 689 3635 erreis
708 3584 772 3637 ΒΜ
830 3583 933 3651 frugem
953 3585 1054 3651 Ler
1111 3583 1206 3652 aquia
1225 3583 1310 3639 FPU

167 3670 288 3738 dgratia
306 3672 333 3723 et
351 3669 500 3725 omFPU
550 3670 625 3738 766]
646 3672 673 3721 66
694 3672 721 3725 U
771 3670 883 3723 serimur
902 3672 1004 3738 ΕΜνχ
1057 3670 1193 3727 euocatis
1205 3670 1306 3738 Ler

166 3756 217 3810 isto
236 3757 401 3823 6661666666
454 3757 542 3824 opere]
562 3757 599 3809 ire
619 3757 655 3810 M
700 3756 760 3825 ipat
779 3758 816 3810 M
868 3760 993 3812 9ouram
1013 3757 1064 3823 νχι
1128 3759 1160 3812 10
1177 3756 1306 3825 perstrin-

166 3843 207 3911 git
225 3844 336 3899 FLPU
397 3847 422 3899 ll
447 3841 591 3895 adductam
610 3843 694 3897 FPU
745 3843 790 3910 ad]
811 3843 838 3896 in
857 3844 957 3911 LMrg
1012 3843 1086 3897 nobis
1105 3843 1186 3897 etiam
1204 3844 1306 3911 12er

168 3934 201 3985 16
224 3926 265 3999 ut]
289 3936 317 3983 et
343 3933 369 3986 U
437 3946 571 3998 uagarer
634 3933 665 3985 17
689 3930 741 3982 hiis
764 3932 790 3985 L
866 3934 897 3986 18
924 3929 1307 4000 itaque-p.217‚18insti-

167 4022 244 4070 tuens
263 4035 341 4071 om.r
413 4020 444 4072 19
463 4016 626 4071 distruamus
649 4016 687 4071 0¹
753 4034 813 4070 oum
833 4016 948 4070 tenebris
968 4018 997 4071 F
1058 4019 1092 4072 20
1110 4020 1137 4070 et
1154 4035 1205 4072 om.
1225 4016 1312 4074 FPU

167 4104 282 4172 oportet]
302 4104 440 4173 expedito
493 4107 524 4158 21
545 4103 621 4156 nobis
640 4108 670 4156 ut
686 4107 716 4170 0,
735 4121 783 4157 nos
802 4108 833 4158 666
850 4105 939 4173 FPU,
959 4109 989 4159 ut
1007 4104 1083 4158 nobis
1101 4105 1192 4172 dmg,
1211 4109 1242 4159 ut
1259 4120 1306 4157 no-

166 4189 208 4242 uis
224 4190 314 4257 Cisisft.
369 4191 485 4243 uitemus
499 4191 582 4246 FPU
627 4190 669 4258 ao]
682 4196 709 4243 et
720 4191 779 4246 FU
823 4191 1012 4259 nugationisL
1059 4193 1093 4246 22
1106 4189 1306 4258 uaoabimusg¹

168 4279 199 4328 ut
221 4276 277 4342 ΟΡ,
295 4295 345 4332 om.
363 4279 394 4343 U,
413 4281 503 4332 66666.
557 4276 681 4330 uicissem
704 4279 731 4333 U
781 4279 815 4332 24
832 4277 884 4331 hiis
902 4279 929 4332 L
983 4278 1026 4347 66]
1044 4282 1123 4346 atque
1140 4276 1172 4331 F
