3036 4770
159 347 224 412 390
493 365 518 420 S.
532 366 666 420 Paulini
684 364 804 420 Nolani
823 365 970 435 episcopi

159 541 348 624 Burdigalae
370 541 421 605 uel
444 541 673 625 Diogeniannm
696 540 830 626 Albigae
853 541 905 605 uel
925 541 1116 625 Dynamium
1137 543 1313 606 Ecolisnae

158 644 209 709 uel
221 645 442 710 Venerandum
455 644 607 710 Aruernis
623 647 675 709 uel
690 644 851 710 Alethium
869 646 1018 711 Cadurois
1034 647 1083 710 uel
1101 664 1185 710 nunc
1200 647 1310 729 Pega-

55 786 59 805 ι
158 749 241 813 sium
270 749 459 829 Petrocoris‚
489 754 659 832 utcumque
689 769 722 814 se
752 750 871 814 babent
901 750 1017 814 saeculi
1048 750 1145 831 mala,
1180 751 1302 815 uidebis

157 853 299 936 proiectu
327 854 528 937 dignissimos
556 855 652 918 totius
676 853 748 918 fidei
771 855 992 938 religionisque
1023 855 1179 920 custodes.
1205 875 1300 915 uuas

502 1160 510 1177 ι
612 1080 836 1144 nummum.
1336 1095 1353 1142 e

546 1218 710 1302 <Mannum
733 1218 914 1302 Favimus>

205 1375 232 1439 l.
267 1375 370 1458 Opera
403 1376 540 1440 domini
573 1376 791 1458 praedicare
826 1375 1077 1440 honorificum
1112 1379 1184 1455 est,
1223 1394 1304 1457 quae

158 1481 234 1544 mihi
268 1497 363 1544 causa
391 1481 484 1544 huius
519 1481 668 1562 epistolae
698 1480 770 1560 fuit,
805 1481 877 1561 quia
906 1481 1002 1562 patris
1032 1481 1168 1544 familias
1198 1480 1305 1561 hunus,

157 1604 252 1666 quem
273 1585 312 1648 ad
332 1586 572 1648 unanimitatem
591 1589 678 1649 tuam
695 1603 873 1667 prosequor,
890 1584 1109 1649 Secundiniani
1129 1586 1305 1669 nogotium,

158 1693 194 1753 ut
219 1689 375 1771 probabis,
406 1708 468 1753 non
496 1691 599 1771 potest
627 1689 693 1752 sine
723 1688 841 1753 domini
870 1689 969 1772 gloria
995 1692 1026 1752 et
1052 1689 1144 1752 laude
1172 1691 1306 1753 narrari.
1333 1713 1353 1751 u

158 1794 240 1858 siout
262 1793 345 1857 enim
366 1793 442 1857 dixit
460 1794 493 1857 in
513 1793 691 1876 euangelio:
716 1798 822 1875 pater
845 1812 947 1857 mens
970 1793 1089 1857 adhuc
1112 1798 1307 1884 operatur,

158 1900 195 1960 et
219 1915 284 1980 ego
307 1915 452 1979 operor,
479 1898 524 1960 ita
547 1901 578 1960 et
600 1916 683 1960 nunc
706 1897 793 1977 facit,
816 1917 917 1979 neque
941 1898 1056 1962 desinit
1077 1896 1180 1961 bonus
1204 1898 1308 1962 domi-

160 2020 220 2065 nus
243 2000 338 2064 fidem
361 2005 502 2065 nostram
525 2002 724 2065 euidentibus
751 2002 894 2065 ueritatis
918 2019 992 2065 suae
1015 2001 1147 2065 excit-are
1171 2020 1207 2065 ac
1232 2022 1308 2066 uere

157 2123 327 2188 prouocare
357 2106 559 2170 documentis.
605 2106 711 2188 itaque
743 2107 775 2169 in
806 2106 954 2185 diuersis,
988 2110 1023 2169 ut
1056 2107 1210 2188 seriptum
1247 2112 1308 2187 est,

159 2211 352 2293 argumentis
383 2228 537 2291 apparens
568 2208 658 2273 nobis
690 2211 828 2274 saluator
855 2210 931 2273 deus
962 2213 1047 2274 terra
1076 2211 1220 2292 marique
1250 2230 1308 2294 pro
1336 2233 1353 2271 u

158 2313 248 2378 uobis
271 2317 416 2395 operatur
439 2317 471 2377 et
493 2314 575 2395 quod
598 2313 630 2376 in
653 2314 785 2397 singulis
813 2316 879 2397 agit
902 2315 1072 2377 multorum
1096 2313 1169 2377 fidei
1193 2316 1308 2379 saluti-

157 2436 217 2499 que
240 2421 395 2499 procurat.
420 2418 491 2481 uide
515 2419 598 2481 enim
619 2436 714 2500 quam
738 2417 921 2481 admirabile
944 2422 976 2481 et
993 2417 1203 2499 praedicabile
1228 2437 1308 2501 opus

158 2522 209 2602 sit,
232 2522 314 2603 qued
336 2521 426 2585 Iesus
450 2522 595 2586 dominus
620 2522 651 2584 in
675 2540 737 2585 uno
761 2541 835 2585 sene
859 2540 930 2585 oum
953 2522 1073 2605 angelis
1097 2522 1163 2585 suis
1187 2524 1307 2587 sanctis

158 2629 304 2709 operatus
332 2630 390 2690 est.
428 2626 506 2689 haec
534 2627 618 2690 enim
644 2643 739 2689 causa
764 2629 812 2689 est
835 2626 1005 2707 supradicti
1029 2625 1119 2689 amici
1143 2628 1175 2689 et
1196 2626 1307 2690 fratris

159 2730 267 2809 nostri,
291 2730 344 2811 qui
366 2734 415 2794 est
437 2731 485 2793 uir
506 2730 538 2794 in
555 2728 678 2794 Christo
698 2728 808 2793 fidelis.
832 2729 936 2793 hieme
957 2730 1114 2812 superiore
1135 2732 1307 2812 conpulsus
1332 2757 1353 2796 a

159 2835 192 2898 in
216 2834 358 2899 Sardinia
380 2853 451 2898 cum
475 2835 586 2898 ceteris
610 2835 723 2916 quippe
747 2833 945 2898 nauiculariis
973 2833 1167 2898 inuehendos
1190 2833 1308 2899 fiscali·

160 2937 220 3001 bus
243 2938 361 3002 horreis
384 2938 491 3021 fruges
514 2938 688 3002 ministerio
711 2938 854 3022 propriae
876 2939 968 3002 nauis
991 2938 1140 3021 accipere,
1167 2957 1232 3002 non
1257 2959 1308 3004 er·

161 3045 285 3124 pectato
315 3046 455 3125 tempore
489 3043 574 3107 soliti
608 3046 800 3106 commeatus
832 3046 904 3107 ante
935 3042 1088 3106 aestiuam
1118 3045 1306 3126 temperiem

162 3150 310 3211 onustum
338 3147 501 3230 nauigium
528 3147 560 3210 ui
582 3146 708 3228 publica
734 3150 866 3230 urgente
890 3146 1017 3210 dimisit.
1054 3147 1135 3227 ilico,
1165 3152 1203 3211 ut
1230 3149 1308 3214 mihi

162 3252 278 3330 retulit,
312 3251 344 3314 in
374 3250 513 3332 proximo
543 3250 623 3314 freto
658 3254 763 3314 exorta
793 3255 965 3332 tempestas
996 3253 1113 3313 temere
1144 3250 1182 3314 de
1214 3257 1307 3335 portu
1332 3277 1353 3316 a

163 3357 298 3418 solutam
329 3355 500 3417 multarum
532 3355 662 3418 nauium
692 3355 826 3419 classem
854 3372 872 3418 a
898 3354 1040 3418 cursibus
1064 3354 1231 3419 destinatis
1260 3376 1308 3420 re-

164 3459 254 3523 torsit
276 3462 308 3522 ct
331 3459 425 3543 fregit
446 3459 479 3523 in
501 3460 602 3523 litore.
627 3459 718 3522 buius
742 3477 857 3522 nauem
879 3459 911 3522 in
935 3459 1070 3540 quodam
1093 3459 1160 3523 eius
1183 3460 1308 3525 insulae

164 3564 242 3644 loco,
265 3582 358 3645 quem
374 3562 425 3626 Ad
441 3562 593 3627 Puluinos
614 3567 738 3643 uocant,
759 3582 798 3626 ne
819 3563 960 3626 similiter
979 3562 1171 3644 inlideretur,
1191 3565 1309 3630 ancho

271 3769 300 3838 7]
320 3768 385 3824 Tob.
400 3771 440 3833 12,
454 3773 479 3825 7.
535 3769 579 3839 ll]
598 3768 655 3824 Ioh.
669 3772 748 3834 5,17.
804 3769 849 3838 14]
868 3769 938 3839 (Act.
953 3773 976 3834 1,
988 3769 1024 3838 3).

212 3959 385 4029 lbnrdigale
456 3960 604 4014 dinamium
675 3962 827 4016 2anernua
897 3959 1022 4015 alithium
1092 3961 1309 4031 ldignissimna

168 4045 359 4115 religionesque

215 4132 244 4188 0.
265 4163 296 4172 -
316 4133 432 4187 Paullini
450 4133 564 4203 epistula
577 4134 611 4187 ad
623 4132 770 4188 Macarium
788 4134 906 4191 inaer.0
923 4138 987 4190 m.2
1050 4134 1167 4190 Macerio
1179 4135 1310 4192 Paulinus

169 4220 266 4275 om.O
319 4224 352 4276 12
370 4220 509 4288 desinite,
529 4221 676 4276 desinatO
730 4224 761 4277 13
780 4224 898 4275 nostram
915 4239 940 4290 a,
958 4222 1123 4278 ucatramO
1186 4226 1218 4280 14
1238 4224 1309 4279 doci-

170 4306 312 4362 mentisO
365 4309 398 4363 25
417 4307 570 4363 exhortaO
