3036 4770
182 285 241 350 168
512 305 537 358 S.
551 304 682 358 Paulini
701 304 819 358 Nolani
838 305 982 374 episcopi

176 484 281 544 tamen
309 480 494 545 beneficium
523 480 578 545 tibi
606 481 717 544 debere
746 500 795 544 ma
823 481 932 561 uoluit,
962 482 1108 546 mandato
1132 487 1185 547 tuo
1209 483 1316 547 diceus

175 603 208 648 se
232 584 309 648 mihi
332 588 431 649 artem
454 603 544 648 suam
567 585 705 668 prodere.
745 590 908 667 propterea
933 586 1041 669 rogaui
1065 605 1146 666 cum,
1175 592 1211 649 ut
1234 587 1317 668 quod

174 689 274 769 perita
295 708 390 752 manu
414 689 487 753 lecit
514 689 543 752 id
571 689 709 770 inpensis
734 690 925 754 orationibus
949 690 1041 753 ambo
1065 691 1196 769 faciatis,
1228 691 1317 755 uide-

173 792 246 857 licet
279 797 313 857 ut
347 799 470 858 exorato
505 794 648 876 precibus
683 795 794 857 uestris
826 795 951 857 domiuo
986 797 1138 875 peccata
1173 800 1315 875 nostra,

172 895 284 977 quibus
312 916 422 980 super
449 898 607 978 capillos
638 897 773 980 capitis
804 898 1019 979 multiplicatis
1050 899 1188 961 animam
1217 898 1316 963 habe·
1356 927 1368 963 a

173 1019 242 1064 mus
267 1001 420 1083 inpexa-m,
452 1020 513 1065 nou
537 1001 690 1065 accisione
717 1002 811 1064 medii
834 1003 1031 1080 tondeantur,
1063 1002 1116 1065 sed
1141 1003 1178 1065 ad
1203 1003 1314 1067 uiuum

172 1106 262 1185 quasi
292 1106 444 1169 nouacula
474 1106 602 1169 radente
633 1107 834 1189 perimantur.
874 1110 921 1169 est
956 1111 1060 1169 autem
1096 1106 1184 1170 nobis
1216 1125 1315 1170 noua·

172 1209 241 1271 cula
273 1228 354 1271 nuno
389 1209 581 1288 salutiferae,
616 1229 697 1272 nuuc
728 1211 893 1292 pestilerae
925 1211 1078 1273 sectionis.
1122 1211 1252 1273 remedii
1283 1216 1314 1275 et

171 1313 289 1377 decoris
321 1315 473 1377 nouacula
503 1313 590 1378 nobis
620 1314 762 1378 Christus
793 1315 868 1377 deus
904 1320 965 1394 est,
1001 1315 1054 1396 qui
1085 1333 1137 1377 cor
1170 1319 1313 1378 nostrum

170 1417 372 1497 circumcidit,
396 1418 471 1481 uitia
493 1418 585 1497 radit,
609 1419 732 1481 animae
756 1423 849 1499 caput
867 1419 985 1501 leuigat
1007 1424 1037 1482 et
1060 1420 1172 1481 faeiem
1196 1420 1313 1482 mentis
1341 1449 1367 1485 ιο

170 1525 309 1595 accurat;
338 1539 455 1603 nosque
483 1524 518 1585 ut
544 1522 631 1585 illam
659 1523 690 1585 in
718 1523 787 1605 lege
815 1523 973 1604 captiuam
1001 1525 1114 1604 purgat
1141 1526 1172 1585 et
1198 1521 1313 1586 liberat

169 1625 292 1689 horrido
308 1627 440 1689 nriserae
455 1627 614 1689 seruitutis
639 1627 761 1708 capillo,
786 1631 820 1689 ut
843 1627 1048 1709 coniungendi
1068 1627 1202 1705 donnino,
1223 1627 1313 1690 uelut

169 1729 223 1793 illa
235 1729 266 1792 in
280 1730 440 1793 Israelitae
456 1731 513 1793 uiri
530 1732 654 1812 nuptias
671 1732 849 1809 transitura,
867 1731 1048 1794 criminibus
1066 1731 1166 1793 caruis
1184 1735 1311 1793 nostrae

169 1834 258 1914 quasi
280 1833 421 1898 barbaris
445 1834 582 1898 crinibus
607 1854 765 1913 eruamur,
793 1835 903 1898 deinde
927 1836 1071 1898 sensibus
1094 1834 1251 1898 innonatis
1276 1839 1312 1898 ut

169 1938 266 2001 comis
289 1937 417 2001 rudibus
441 1940 646 2002 enitescamus
667 1940 826 2020 uitamque
847 1944 985 2002 nostram
1007 1940 1094 2020 quasi
1112 1938 1309 2002 Nazaraeum
1340 1967 1363 2005 rs

168 2042 285 2105 crinem
308 2047 472 2124 pascentes
496 2042 551 2105 deo
579 2044 611 2106 in
639 2045 781 2106 castitate
811 2048 841 2106 et
864 2043 1052 2124 parsimonia
1080 2062 1309 2107 consecremus.

214 2145 262 2209 11.
292 2145 473 2210 Cauendum
504 2165 588 2226 uero,
620 2167 658 2210 ne
690 2148 744 2211 illa
775 2147 901 2210 inimica
933 2167 968 2209 er
996 2147 1118 2211 diuerso
1146 2149 1308 2227 nouacula,

168 2269 246 2332 quac
282 2251 313 2315 iu
347 2252 546 2334 protoplastis
584 2253 673 2314 noxia
708 2251 814 2314 fraude
850 2252 986 2332 deceptis
1021 2252 1142 2333 gerreris
1176 2251 1308 2314 hnmani

167 2359 260 2436 caput
283 2355 369 2434 rasit,
398 2355 429 2418 in
453 2360 546 2437 caput
570 2359 710 2419 nostrum
735 2356 792 2418 hoc
816 2361 863 2418 est
885 2355 989 2434 tidem,
1018 2373 1079 2436 qua
1102 2355 1190 2418 nobis
1214 2360 1308 2437 caput

80 2544 82 2548 ι
167 2457 310 2523 Christus
326 2458 467 2537 efficitur,
489 2459 658 2522 adscendet
674 2477 790 2540 nosque
811 2460 911 2542 gralia
928 2459 1058 2540 spiritali
1076 2463 1236 2540 tamquam
1253 2459 1308 2523 illo
1335 2489 1359 2526 eo

166 2561 323 2626 Nazaraeo
347 2563 430 2626 crine
454 2563 606 2645 dispoliet,
636 2564 688 2643 qui
711 2567 826 2643 quanto
854 2562 1052 2626 sernentibus
1077 2562 1156 2626 bono
1181 2567 1308 2626 maneat

166 2669 197 2729 et
220 2667 310 2731 exitio
334 2667 516 2748 decerpatur
539 2667 681 2746 incautis,
711 2667 763 2730 illc
787 2667 818 2729 in
843 2667 984 2729 Indicum
1008 2665 1084 2730 libro
1109 2667 1147 2729 ab
1171 2667 1306 2730 oraculis

166 2789 253 2834 sacer
283 2771 373 2835 heros
403 2775 587 2854 argumento
620 2775 677 2849 est,
710 2771 846 2833 inuictus
877 2772 960 2833 crine
992 2775 1130 2850 seruato,
1164 2771 1305 2852 captiuus

164 2873 287 2939 absciso
318 2879 349 2939 et
379 2875 493 2938 iterum
522 2875 610 2938 fortis
641 2879 759 2938 renato.
800 2876 981 2956 utinamque
1009 2880 1075 2938 tam
1102 2876 1238 2957 prudeus
1266 2875 1306 2938 ad

165 2980 335 3042 cauendam
367 2980 529 3042 mulierem
561 2998 655 3060 quam
687 2980 774 3043 fortis
804 2981 840 3043 ad
873 2981 1133 3061 strangulandum
1152 2980 1304 3064 leonem!
1333 3006 1357 3045 2⁵

164 3083 219 3148 sed
249 3084 365 3147 carnali
392 3084 494 3147 uictus
521 3084 678 3146 inlecebra
705 3084 758 3164 qni
786 3085 888 3166 gratia
916 3084 1047 3164 spiritali
1074 3085 1201 3162 uicerat,
1232 3102 1305 3148 curu

162 3188 389 3271 praeualuisset
410 3188 493 3266 forti,
523 3186 561 3250 ab
589 3187 770 3251 infirmitate
794 3193 957 3269 superatus
982 3192 1037 3251 est.
1078 3189 1158 3269 quod
1181 3188 1305 3268 patian-

163 3295 214 3356 tur
245 3310 370 3356 necesse
401 3295 449 3355 est
477 3293 529 3373 qui
560 3310 650 3355 suam
678 3292 827 3354 feminam
857 3291 886 3353 id
915 3295 963 3354 est
993 3311 1116 3355 carnem
1149 3292 1215 3354 uiro
1246 3309 1303 3356 suo

265 3447 293 3516 4]
313 3448 411 3508 Psae,
427 3450 458 3502 13
531 3447 559 3514 9]
578 3446 644 3512 (Col.
658 3447 746 3512 211).
818 3447 859 3513 13]
879 3446 1006 3511 (ΒοιΜ,
1022 3448 1070 3511 12).
1147 3447 1189 3514 151
1209 3445 1301 3511 (Num.

161 3537 185 3598 6,
199 3536 234 3601 5).
287 3535 333 3602 22]
352 3535 447 3601 (ludio.
464 3538 503 3598 16,
519 3535 568 3601 19).
623 3534 668 3602 25]
688 3533 783 3600 (ludio.
799 3535 838 3595 ll,
852 3536 886 3599 o).

204 3681 360 3736 doccisioue
370 3681 419 3749 P¹,
429 3682 558 3734 accisione
568 3683 598 3734 ia
608 3679 753 3735 abscisione
764 3681 868 3736 corr.L
923 3679 1064 3733 tondeatur
1079 3681 1105 3734 ll
1154 3679 1248 3732 uinum
1262 3679 1301 3735 U¹

160 3766 474 3822 tradente-nouacula
496 3787 516 3823 s.
535 3770 552 3822 l.
570 3769 596 3822 L
667 3767 835 3823 8rernedire
859 3767 919 3831 (ona¹
938 3770 974 3833 et)
1003 3768 1029 3821 U
1099 3770 1130 3820 10
1154 3766 1248 3818 radens
1268 3768 1305 3820 M

159 3897 242 3950 aciem
262 3899 320 3953 FU
383 3901 412 3952 11
434 3865 524 3966 nosrsq;
544 3899 608 3952 LM
662 3901 788 3965 purgaret
806 3897 867 3964 (om.
888 3899 924 3963 et)
942 3895 1042 3951 FP²U
1106 3899 1136 3950 12
1156 3911 1254 3947 mesore
1273 3896 1305 3950 F

161 3984 392 4038 131srahelilaoO
447 3988 478 4039 14
491 3984 635 4037 barbaricis
650 3984 686 4036 M
735 3982 869 4036 iunouctis
884 3984 914 4048 0,
929 3981 1061 4034 rennuatis
1075 3989 1120 4036 ccl.
1178 3984 1209 4036 15
1223 3997 1299 4034 naza·

158 4087 252 4124 renum
270 4071 296 4125 L
370 4073 401 4125 16
423 4070 585 4140 parsimonia
608 4073 634 4122 et
657 4069 780 4122 castitate
804 4070 834 4123 F
904 4073 933 4124 17
952 4069 993 4137 ex]
1013 4085 1026 4121 e
1046 4069 1083 4121 M
1151 4071 1182 4123 19
1201 4067 1299 4124 fideO

158 4159 191 4212 22
210 4157 338 4210 iudicium
356 4158 382 4211 L
452 4161 485 4213 25
508 4156 730 4224 transgulaudum
750 4157 788 4210 M
854 4159 886 4211 27
909 4155 1084 4224 preuoluisset
1106 4155 1143 4210 0¹
1214 4153 1298 4224 quod]

157 4243 203 4312 qui
225 4245 252 4301 U
301 4246 334 4299 28
352 4244 479 4296 seminem
502 4243 539 4298 0²
585 4249 587 4252 ⁴
1266 4237 1267 4240 '
