3036 4770
210 313 252 376 76
544 328 570 382 S.
584 328 718 382 Paulini
737 326 855 380 Nolani
874 326 1018 396 episcopi

210 510 268 569 est
290 523 405 588 agnus
429 505 507 584 ille,
531 507 593 586 qui
617 506 720 568 tollit
741 510 896 587 peccata
914 503 1050 567 mundi.
1075 520 1186 585 passus
1202 506 1353 566 estmor-

209 613 275 674 tem
299 611 351 691 qui
375 610 470 673 donat
493 611 722 674 aeternitatem.

252 713 283 776 4.
308 714 368 779 Sed
387 715 420 777 in
440 732 535 778 causa
554 715 635 778 tanti
654 714 746 778 huius
762 714 883 777 consilii
899 716 930 776 et
944 712 1083 777 muneris
1100 711 1353 776 animaduertere

196 819 307 901 ipsius
323 819 430 883 lumen
446 823 504 898 est,
528 819 590 900 qui
605 836 670 883 nos
693 818 895 881 inluminat
918 835 937 880 a
958 815 1145 880 montibus
1169 815 1352 893 aeternis,

209 925 242 987 in
265 940 342 1004 quos
366 924 462 987 oculis
486 923 638 986 adleuatis
661 922 823 986 uideamus
839 921 938 985 isdem
957 938 1014 985 nos
1030 920 1144 1003 quibus
1159 920 1352 1003 perieramus
1396 941 1411 980 s

211 1026 371 1091 itineribus
394 1029 539 1091 inuentos
563 1046 671 1090 rursus
692 1046 728 1090 ex
744 1026 863 1106 arbore,
886 1044 995 1089 mrsus
1011 1044 1047 1089 er
1062 1025 1195 1108 uirgine,
1219 1025 1352 1088 sednon

210 1150 318 1195 rursus
342 1131 490 1213 snperbia
513 1131 747 1215 praecipitandi,
770 1149 881 1194 uerum
905 1150 921 1194 e
941 1130 1095 1194 contrario
1110 1129 1287 1193 humilitate
1303 1148 1354 1192 re·

211 1236 315 1300 dituri.
347 1255 420 1300 nam
448 1236 561 1300 idcirco
588 1255 641 1299 rer
668 1238 784 1319 gloriae
813 1239 844 1300 et
866 1236 1011 1299 dominus
1034 1236 1207 1299 maiestatis
1230 1234 1354 1299 erina-

212 1341 308 1404 niuit
340 1360 376 1404 se
407 1340 563 1404 formam
594 1342 693 1404 serui
724 1341 913 1422 accipiens
944 1344 976 1404 et
1006 1339 1196 1404 inuisibilem
1229 1340 1354 1423 magni·

210 1446 352 1508 tudinem
383 1463 472 1508 suam
502 1444 618 1508 nisibili
649 1445 820 1509 abiectione
850 1444 994 1524 contexit,
1024 1448 1059 1508 ut
1089 1460 1145 1508 nos
1172 1444 1270 1508 ueteri
1297 1445 1352 1508 illo
1383 1463 1411 1502 ιο

211 1551 294 1614 male
322 1552 489 1632 conceptae
517 1549 717 1632 adrogantiae
745 1549 852 1613 morbo
883 1549 959 1612 foris
990 1550 1080 1630 alica,
1109 1549 1194 1613 intus
1222 1546 1353 1612 obtritos

212 1655 243 1717 in
267 1655 401 1718 formam
424 1653 627 1718 sublimitatis
651 1673 726 1718 suae
748 1674 804 1735 per
828 1654 995 1717 formulam
1011 1656 1136 1717 nostrae
1153 1653 1185 1716 in
1201 1670 1234 1715 se
1249 1651 1353 1715 humi·

210 1759 309 1822 litatis
337 1759 502 1822 attolleret.
533 1759 566 1821 in
593 1759 651 1822 hoc
674 1759 757 1821 enim
781 1762 925 1840 operatus
949 1762 997 1821 est
1020 1760 1051 1821 et
1074 1759 1218 1839 operatur
1240 1757 1352 1820 cotidie

212 1864 312 1926 bonus
329 1863 484 1942 dominus,
506 1866 542 1925 nt
558 1863 681 1926 diuinae
697 1863 951 1927 conformationis
967 1862 1099 1945 gloriam
1115 1879 1352 1943 consequamur,

212 1967 239 2031 si
255 1971 379 2031 nostrae
396 1968 427 2030 in
441 1966 564 2031 Christo
580 1967 834 2031 conformationis
851 1965 1028 2048 exemplum
1045 1984 1223 2047 sequamur,
1239 1983 1353 2048 cogno
1384 1985 1412 2024 rs

212 2075 335 2135 scentes
363 2073 394 2134 in
423 2072 568 2134 altissimi
595 2072 807 2135 moderamine
835 2074 1043 2153 temperatum
1070 2074 1200 2134 naturae
1227 2074 1353 2135 nostrae
1394 2098 1396 2102 ⁴

212 2176 351 2256 modum,
379 2179 415 2238 ut
442 2194 535 2259 supra
562 2194 618 2239 nos
649 2176 746 2258 ipsius
770 2176 870 2258 gratia
893 2175 1112 2256 prouehamur,
1141 2175 1167 2238 si
1189 2175 1274 2238 iuxta
1295 2192 1353 2238 nos

213 2280 312 2343 nostri
334 2298 489 2343 memores
512 2281 719 2344 ambulemus.
754 2280 793 2343 ad
821 2298 916 2361 qnam
939 2299 995 2345 nos
1018 2298 1198 2344 mensuram
1221 2279 1354 2362 prophe-

213 2385 293 2448 ticus
322 2385 373 2447 ille
400 2385 438 2447 de
465 2385 603 2448 numeris
632 2400 733 2449 sermo
761 2386 916 2466 conponit,
944 2386 997 2467 qui
1025 2385 1112 2448 dicit:
1143 2402 1215 2448 non
1241 2383 1355 2447 decli·

214 2489 385 2552 nabimus
410 2488 539 2553 dextra
562 2507 681 2570 neque
705 2489 876 2569 sinistra,
900 2489 962 2552 sed
985 2489 1105 2572 regali
1127 2488 1188 2551 nia
1206 2486 1352 2551 ibimus.
1382 2504 1412 2545 ao

214 2594 296 2675 quod
324 2593 412 2657 nobis
437 2592 579 2657 Christus
608 2597 665 2673 est,
694 2594 846 2657 mediator
874 2593 923 2657 dei
951 2597 982 2657 et
1004 2592 1177 2672 hominum,
1204 2591 1285 2655 inter
1307 2591 1355 2655 di-

214 2699 288 2761 uina
311 2702 341 2761 et
364 2699 501 2761 hnmana
525 2716 580 2761 nos
603 2702 781 2779 temperans
806 2702 837 2761 et
859 2697 898 2761 ad
920 2716 1051 2780 regnum
1075 2715 1167 2760 suum
1189 2695 1287 2779 regali
1303 2696 1355 2760 uia

214 2802 340 2881 ducena,
371 2806 406 2864 ut
433 2801 523 2865 corde
554 2803 698 2882 humiles,
729 2821 820 2884 opere
849 2801 1008 2881 sublimes,
1039 2820 1058 2865 a
1085 2801 1218 2865 sinistris
1248 2800 1279 2863 id
1306 2803 1355 2863 est

214 2907 365 2986 peccatis,
401 2924 480 2986 qnae
511 2906 542 2969 in
573 2909 706 2969 mortem
742 2907 885 2986 trahunt,
917 2907 1099 2970 adleuemur
1129 2909 1160 2969 ct
1189 2923 1208 2968 a
1238 2904 1354 2968 dextris

215 3010 321 3073 nimiis
352 3010 383 3072 id
411 3015 458 3074 est
481 3011 734 3092 praesumptione
758 3011 892 3092 superba
914 3010 1103 3074 humilitatis
1125 3011 1194 3092 lege
1216 3009 1356 3073 reuocati
1383 3033 1412 3073 ss

214 3117 376 3177 teneamus
401 3114 558 3178 salubrem
581 3115 837 3195 mediocritatem,
861 3134 900 3177 ne
923 3117 978 3178 aut
1001 3115 1105 3177 oculos
1121 3118 1244 3178 nostros
1260 3113 1356 3176 deeli-

216 3223 326 3282 nantes
350 3220 380 3281 in
404 3222 519 3282 terram
543 3237 747 3300 conparemnr
770 3220 929 3298 iumentis,
961 3217 1094 3300 quibus
1122 3236 1191 3281 non
1219 3221 1276 3282 est
1302 3217 1356 3280 in·

215 3324 407 3403 tellectns,
432 3325 485 3386 aut
509 3324 620 3387 altiora
642 3323 731 3387 nobis
755 3326 928 3387 scrutantes
953 3341 1175 3387 euanescamus
1191 3323 1224 3386 in
1239 3322 1356 3406 cogita-

319 3549 348 3617 r]
366 3549 410 3602 Ps.
425 3551 465 3612 75,
479 3552 502 3604 5.
556 3548 584 3617 a]
604 3547 746 3612 sluaa
802 3547 1250 3617 19]Num.21,22;1)eut.2,27.
1308 3547 1355 3617 ae]

216 3635 271 3705 (rs.
286 3638 326 3699 rc,
341 3637 391 3705 11).
445 3636 491 3704 aa]
511 3636 553 3688 rs.
568 3637 609 3699 m,
623 3639 647 3691 e.
700 3635 746 3705 aa]
766 3635 855 3702 (acen
870 3638 894 3701 a,
907 3637 959 3705 aa).

259 3845 413 3899 {inumeris
435 3846 462 3901 U
511 3845 648 3900 thisdem
667 3844 756 3900 LMO
817 3845 945 3902 8iccirco
963 3844 1019 3899 LP
1070 3844 1159 3897 exanit
1176 3845 1203 3899 L
1265 3846 1298 3900 10
1316 3845 1357 3899 illi

216 3932 300 3988 FPU
363 3935 392 3987 ll
414 3931 482 3984 male
501 3933 581 4000 LPo,
601 3930 686 3984 malac
705 3939 750 3987 cet.
818 3934 849 3987 12
867 3949 915 4001 per
932 3950 982 3987 orn.
1001 3934 1027 3988 U
1095 3934 1127 3986 14
1145 3930 1358 3985 confirmationis

217 4020 328 4076 FOPU
391 4023 422 4075 15
442 4022 614 4087 cognosentes
637 4021 663 4075 U
726 4022 757 4074 17
775 4034 936 4088 proneamur
953 4020 980 4073 L
1047 4021 1079 4074 18
1101 4035 1187 4071 mores
1209 4020 1236 4074 U
1296 4034 1358 4088 pro·

216 4105 352 4161 feticusO
406 4109 438 4162 19
452 4122 503 4174 quo
516 4108 597 4161 LMv
650 4105 715 4159 dicit
732 4108 840 4175 compsi,
860 4106 990 4159 dicituro
1045 4105 1236 4159 declinanimus
1249 4106 1363 4163 FOPU

216 4195 250 4248 20
270 4194 376 4247 dextera
394 4195 459 4248 LM
508 4196 538 4248 21
561 4193 644 4262 quod]
663 4193 709 4260 qui
727 4194 757 4246 F
805 4195 839 4248 22
858 4192 990 4261 regaleO
1042 4196 1075 4248 24
1093 4195 1212 4260 quemO
1264 4195 1298 4249 25
1317 4194 1358 4247 ni-

219 4279 270 4332 mis
283 4280 344 4348 FU,
358 4280 467 4335 inuiisc
519 4282 553 4334 26
571 4283 676 4332 nostros
689 4297 739 4335 orn.
753 4280 837 4336 FPU
885 4283 919 4337 28
936 4279 1044 4334 altiores
1060 4282 1087 4336 U
1089 4279 1098 4310 ¹
1151 4281 1319 4349 scruptantes
1335 4283 1362 4337 U
