3036 4770
560 321 704 391 epistula
722 320 823 385 XXIII,
842 338 863 375 c.
877 323 987 378 24-26,
1285 303 1346 369 183

207 496 274 561 loco
298 497 380 560 dicat
403 499 483 561 orari
505 498 630 580 spiritu;
654 516 727 561 narn
751 502 885 562 etcum
909 515 1070 576 oramus,
1093 499 1201 579 inquit,
1225 516 1347 578 qrrem-

207 601 400 666 admodum
424 602 501 684 peti
525 600 659 666 debeat
681 603 964 681 nosnesoimus,
988 601 1049 665 sed
1064 602 1144 684 ipse
1160 620 1224 665 nos
1242 603 1348 684 spiri·

208 709 266 768 tus
295 706 410 769 docet.
445 706 540 789 igitur
571 707 644 787 quia
672 711 703 769 et
730 706 761 769 in
786 706 924 770 oratione
946 705 983 768 fit
1004 707 1163 788 conceptio
1188 706 1347 787 spiritalia,

208 829 247 873 ne
271 810 351 890 quis,
375 814 411 873 ut
434 811 586 891 scriptum
610 815 668 890 est,
692 811 815 874 mulieri
838 811 920 874 ultra
943 810 1061 873 uasculi
1084 811 1133 872 sui
1149 809 1226 873 fines
1242 810 1348 892 agenti

171 938 183 975 a
209 914 297 977 dolus
321 915 419 977 hostis
443 918 475 977 et
496 915 626 996 laqueus
650 920 800 992 occurrat,
824 915 893 978 uult
913 914 1072 995 apostolus
1096 914 1127 976 in
1151 912 1260 976 habitu
1281 914 1347 977 eius

208 1018 330 1081 ostendi
357 1037 426 1090 csse
452 1019 497 1082 illi
526 1037 619 1099 supra
646 1023 739 1101 ceput
761 1022 960 1101 potestatem,
990 1037 1053 1099 qua
1079 1023 1204 1101 regatur
1231 1018 1349 1100 pariter

208 1125 240 1184 et
262 1122 457 1201 defendatur,
481 1141 518 1185 ea
535 1123 607 1205 ipsa
623 1123 799 1186 humilitate
816 1122 916 1186 cordis
933 1123 1083 1186 uirtutem
1098 1123 1142 1185 illi
1159 1122 1348 1200 conferente,

208 1243 270 1306 qua
302 1227 453 1290 scientiae
486 1227 687 1309 supercilium
720 1229 834 1309 premit
864 1226 1075 1310 gubernaculo
1107 1227 1289 1309 disciplinae
1320 1228 1351 1289 et

210 1332 331 1394 mauult
353 1331 464 1394 timere
489 1349 582 1412 quarn
606 1331 706 1395 altum
735 1350 853 1413 sapere,
881 1333 978 1395 tutius
1006 1331 1104 1395 tacita
1126 1350 1181 1413 per
1204 1331 1348 1394 timorem

161 1463 183 1498 lu
210 1434 280 1497 fidei
311 1453 404 1516 quam
434 1436 536 1517 perita
565 1455 636 1499 curn
667 1437 788 1519 lingua,
819 1437 850 1499 in
881 1454 1006 1499 cassum
1036 1453 1184 1518 pressura
1213 1436 1349 1500 frontem

210 1539 331 1620 capillo,
356 1541 417 1602 nisi
440 1540 536 1603 etiam
559 1542 676 1623 pudore
699 1540 860 1603 deleuerit.

252 1641 303 1706 26.
328 1643 410 1726 Ergo
432 1644 465 1707 in
489 1663 654 1708 commune
678 1645 778 1708 omnis
801 1646 907 1707 anima
930 1645 1112 1708 studeamus
1129 1644 1191 1707 illis
1208 1644 1350 1708 adornari

211 1748 339 1830 capillis,
363 1766 440 1829 quos
464 1749 540 1812 deus
564 1749 774 1813 numerabiles
798 1749 902 1828 habet,
927 1750 1008 1812 sicut
1030 1750 1096 1831 ipse
1117 1750 1204 1812 dicit:
1229 1749 1292 1812 sed
1316 1751 1352 1811 et

211 1853 339 1934 capilli
362 1853 497 1934 capitis
525 1855 644 1930 uestri
671 1871 797 1916 omnes
826 1854 1010 1916 numerati
1033 1856 1129 1915 sunt.
1165 1853 1252 1916 cuius
1276 1871 1350 1916 uero

159 1982 182 2018 a
211 1957 263 2019 ille
286 1956 397 2038 capitis
420 1958 549 2039 capillos
573 1958 673 2040 inagis
697 1976 862 2021 numerare
886 1958 1031 2040 dignetur
1053 1976 1147 2038 quarn
1164 1958 1240 2036 eius,
1265 1957 1351 2020 cuius

211 2062 276 2143 ipse
292 2061 417 2124 uerticis
438 2065 531 2144 eaput
554 2064 621 2125 est?
646 2062 683 2124 de
700 2079 758 2142 quo
775 2062 900 2125 dicitur:
924 2065 1035 2143 caput
1058 2062 1136 2124 eius
1161 2065 1200 2125 ut
1222 2079 1351 2124 aurum

211 2165 361 2247 cephas,
385 2183 444 2246 quo
465 2167 591 2229 nomine
610 2166 801 2248 probabilius
818 2165 942 2246 aliquod
958 2169 989 2228 et
1004 2166 1111 2247 purius
1128 2183 1238 2228 aurum
1256 2165 1353 2247 signi-

211 2268 297 2332 ficari
319 2273 404 2351 puto,
429 2271 509 2333 sicut
532 2271 608 2333 illud
631 2271 668 2332 de
692 2275 775 2334 terra
790 2270 924 2333 Euilath.
950 2270 1008 2334 hoc
1024 2271 1109 2333 enirn
1126 2287 1236 2333 aurum
1253 2270 1353 2332 forma

212 2377 392 2437 sanctorum
416 2379 473 2454 est,
498 2375 549 2456 qui
573 2376 729 2456 incapite
753 2374 889 2456 corporis
914 2379 948 2437 ut
963 2375 1084 2437 lumina
1100 2375 1218 2437 micant
1234 2379 1265 2437 et
1280 2377 1353 2437 sunt

160 2503 185 2540 ιο
212 2496 340 2542 aurum
370 2480 530 2561 ignitum
555 2479 620 2543 deo.
656 2481 730 2560 quia
752 2480 896 2543 uidelicet
919 2497 970 2543 eos
994 2499 1049 2561 per
1072 2479 1213 2542 oramina
1235 2478 1353 2559 passio·
1416 2509 1419 2514 ·

212 2601 287 2646 num
315 2583 347 2646 in
374 2583 466 2646 huius
495 2584 581 2646 muni
612 2584 736 2647 fornace
767 2582 917 2646 conflatos
947 2583 1109 2662 inuenit,
1139 2586 1175 2645 ut
1202 2585 1352 2664 scriptum

213 2690 269 2766 est,
294 2687 424 2769 dignos
448 2707 499 2767 se,
525 2693 556 2751 et
578 2688 609 2750 in
627 2689 673 2751 his
691 2706 812 2751 sacram
829 2688 975 2769 imaginis
992 2705 1066 2750 suae
1082 2687 1235 2768 percussit
1249 2705 1353 2750 mone-

212 2795 288 2870 tam,
311 2792 484 2874 inprimens
504 2791 648 2856 cordibus
670 2795 701 2855 et
716 2793 831 2875 linguis
849 2810 955 2856 eorum
972 2791 1114 2854 ueritatis
1131 2809 1205 2854 suae
1220 2791 1352 2853 uerbum

212 2896 398 2977 eosdemque
429 2898 512 2977 ipsos
544 2900 685 2959 statuens
718 2896 960 2975 nummularios,
995 2898 1028 2958 ut
1060 2895 1233 2958 secundum
1264 2913 1353 2957 suam

162 3022 187 3060 aa
213 2999 345 3062 formam
379 2999 556 3081 probabiles
591 3000 716 3064 domino
751 3001 900 3063 cuderent
930 3018 1076 3063 nummos
1108 3002 1140 3062 et
1171 2999 1286 3063 abolita
1317 2999 1354 3060 de

212 3104 301 3168 nobis
325 3104 425 3187 figura
448 3104 589 3169 Caesaris
613 3105 720 3168 uiuum
746 3105 827 3187 regis
852 3104 970 3168 aeterni
1001 3104 1157 3168 nomisma
1184 3105 1354 3186 signarent,

213 3212 247 3273 ut
275 3209 385 3291 spiritu
416 3210 639 3291 redemptionis
673 3210 813 3291 inseripti
847 3210 966 3272 oerrrice
1000 3209 1063 3272 iarn
1094 3209 1166 3291 iugo
1196 3208 1294 3271 libera
1324 3211 1356 3269 et

214 3315 321 3378 salutis
354 3314 442 3377 titulo
473 3314 671 3396 praemunita
705 3314 806 3377 fronte
841 3331 1038 3376 caneremus:
1074 3313 1263 3396 signatum
1299 3317 1356 3375 eet

213 3436 323 3501 super
346 3436 411 3481 nos
434 3418 559 3481 lumen
581 3419 710 3481 uultus
734 3418 804 3497 tui,
828 3417 983 3480 domine.

318 3589 455 3658 lllCor.
471 3593 511 3652 11,
526 3591 564 3644 15.
620 3589 788 3650 Romam.
842 3589 870 3657 5]
890 3588 913 3653 (l
932 3589 991 3643 Cor.
1006 3592 1046 3650 11,
1061 3589 1111 3655 10).
1180 3588 1223 3656 ll]
1243 3587 1267 3653 (Ι
1286 3586 1354 3639 Tim.

214 3679 237 3739 2,
249 3678 284 3744 9).
352 3677 395 3745 13]
415 3677 477 3729 Luc.
493 3679 533 3739 12,
546 3678 569 3729 7.
626 3676 670 3744 16]
689 3675 764 3731 Cant.
779 3679 859 3738 5,ll.
916 3677 958 3744 18]
976 3674 1089 3737 (Genu,
1104 3675 1154 3741 12).
1209 3673 1253 3742 20]
1273 3673 1354 3741 Apoc.

213 3766 291 3823 3,18.
348 3764 392 3832 21]
412 3763 542 3832 Sop.3‚5.
597 3762 884 3832 deuolaturam).
939 3762 984 3831 28]
1004 3761 1186 3827 (ducendi).
1240 3759 1319 3823 psl,
1331 3763 1353 3813 7.

255 3920 437 3989 2spiritualis
458 3921 515 3975 FU
566 3920 782 3974 lconferentom
806 3922 832 3973 U
895 3922 926 3973 10
945 3919 1129 3986 praessuraO
1195 3921 1226 3972 15
1245 3916 1355 3985 capillos

214 4008 307 4076 capitis
326 4009 363 4062 M
412 4023 551 4060 numerare
571 4007 656 4074 magis
675 4007 759 4060 FPll
810 4009 842 4061 17
862 4005 948 4058 caelas
964 4006 994 4070 0,
1014 4005 1097 4072 ophaz
1111 4005 1174 4058 ΕΜ
1224 4020 1315 4056 uurom
1331 4006 1360 4058 F

216 4098 247 4150 18
266 4095 310 4148 ille
329 4095 359 4149 F
409 4095 511 4147 ouuilal
533 4091 846 4160 0P,euilat1⁴‘‚einlat
869 4094 895 4147 U
944 4095 976 4146 21
997 4090 1111 4144 conflato
1135 4092 1161 4145 U
1209 4094 1242 4146 22
1262 4089 1357 4158 dignos

214 4182 253 4250 oe]
276 4182 401 4250 dignosce
425 4183 486 4243 FU,
510 4181 650 4248 dignossce
674 4182 701 4233 P
768 4180 901 4248 percussit
923 4180 949 4232 L
1018 4180 1051 4233 24
1078 4178 1281 4232 mummularios
1304 4179 1360 4234 PU

214 4271 248 4324 26
266 4269 429 4323 nummisma
448 4270 564 4322 FLMP
615 4271 648 4322 27
669 4268 710 4336 ut]
730 4270 757 4320 et
775 4271 805 4319 ut
824 4269 864 4333 M,
884 4267 911 4318 in
930 4267 988 4321 FU
