3036 4770
458 309 628 380 appendix.
647 313 800 379 excerpta
816 309 999 365 Bobiensia.
1233 295 1296 359 461

158 506 227 546 rans
249 491 415 562 persecutor
432 489 550 547 effectus
573 487 656 548 celeri
680 488 767 547 arania
785 492 906 547 sanatur
927 488 989 563 ipso
1012 490 1098 547 etiam
1119 489 1296 549 adtestante:

158 587 363 658 persecutus
384 601 456 642 sum
476 584 656 643 ecclesiam
677 585 743 655 dei,
767 585 824 643 sad
845 584 1114 643 misericordiam
1135 601 1297 643 consecu-

157 681 214 738 tus
237 696 323 750 sum,
348 680 434 752 quud
458 679 627 754 ignorans
650 679 727 739 feci.
760 679 839 739 uides
859 696 926 754 ergo
946 679 1017 739 alios
1037 680 1168 738 nolentes
1188 680 1297 751 cadara,

157 773 230 833 alios
245 773 312 832 elidi
327 774 443 849 propria
458 775 616 834 uoluntate,
648 776 702 834 duo
718 775 805 834 etiam
820 776 958 849 quaedam
973 775 1005 833 in
1020 775 1134 834 homine
1149 777 1228 845 suut,
1246 778 1296 835 ob·

117 886 130 924 a
158 869 227 928 linio
250 872 278 928 et
301 869 474 944 ignorantia.
506 869 686 929 obliuiscitur
706 871 788 929 homo
812 871 904 941 doum,
927 888 991 929 curn
1011 887 1126 945 peccare
1149 870 1296 945 proponit;

158 964 273 1039 ignorat
287 967 392 1035 antem,
409 982 471 1023 cum
488 965 693 1040 praeuentione
709 965 861 1039 delinquit.
877 968 910 1024 ut
924 965 1164 1040 putafornicatus
1176 966 1297 1039 estquis

157 1060 267 1129 uolans,
284 1060 358 1119 alius
375 1078 441 1119 uero
456 1078 623 1135 repugnans
637 1059 821 1121 fornicationi
837 1060 1004 1120 infirmitate
1020 1061 1114 1120 uictus
1130 1064 1182 1120 est.
1207 1079 1296 1119 unum

158 1154 271 1228 quidem
283 1159 327 1214 est
339 1159 485 1215 amborum
499 1160 656 1231 paccatum,
672 1158 722 1215 sed
738 1174 797 1215 non
812 1156 867 1216 erit
882 1156 1010 1230 aequalis
1025 1157 1214 1231 paenitentia,
1230 1156 1297 1230 quia

158 1249 204 1310 ille
221 1251 331 1322 uolens,
348 1250 394 1310 hic
410 1269 476 1311 uero
492 1252 594 1312 nolens
611 1251 642 1309 in
658 1251 812 1311 certamine
829 1252 924 1310 uictus
940 1253 1098 1311 succubuit.
1129 1252 1209 1311 uides
1224 1269 1296 1326 quae

105 1363 131 1403 ro
158 1346 198 1405 sit
219 1347 327 1421 peccati
349 1347 507 1406 distantia?
531 1365 593 1407 ecca
618 1349 754 1421 quromedo
777 1347 853 1406 cadit
876 1347 970 1407 iustus
993 1350 1022 1406 et
1045 1347 1158 1407 domino
1181 1364 1297 1406 manum

157 1445 338 1516 subponante
354 1443 493 1503 saluatur.

200 1537 253 1597 Dei
272 1538 416 1596 uoluntati
436 1541 536 1598 nostra
555 1541 697 1612 potestate
717 1524 894 1610 adiuuemus,
914 1541 947 1597 ut
967 1538 1028 1613 ipsu
1049 1556 1101 1598 sna
1117 1538 1223 1598 uirtute
1243 1556 1296 1598 no-

157 1635 234 1691 strae
249 1632 347 1692 faueat
361 1633 514 1703 uoluntati,
531 1632 598 1707 quia
612 1632 750 1707 scriptum
766 1637 824 1692 est:
844 1651 911 1693 non
927 1633 1082 1693 uolentis
1099 1651 1207 1707 neque
1222 1651 1296 1692 cur·

157 1728 270 1786 nentis
290 1729 347 1787 sad
367 1728 419 1786 dei
435 1728 639 1787 miserantis
655 1730 716 1787 est.
738 1728 811 1787 uelle
826 1728 902 1787 anim
919 1730 948 1787 et
962 1745 1075 1787 currere
1090 1731 1221 1789 nostrum
1237 1732 1295 1797 est;

104 1842 130 1879 aa
157 1823 201 1882 dei
218 1826 311 1882 autem
328 1823 465 1894 miserari,
482 1823 546 1898 ipsa
561 1823 645 1883 etiam
661 1822 783 1883 ueritate
798 1823 937 1898 apostolia
953 1824 1129 1883 adtestante:
1151 1823 1227 1883 sine
1247 1841 1297 1883 ma

19 1912 24 1919 ’
158 1917 247 1976 nihil
271 1918 423 1993 potestis
446 1918 568 1977 lacere.
605 1918 672 1977 item
696 1918 839 1978 Iohannes
863 1936 972 1990 nemo,
996 1918 1046 1988 ait,
1070 1921 1186 1993 potest
1210 1919 1296 1978 acci·

157 2030 237 2086 pare
253 2014 432 2087 quicquam
450 2031 554 2088 supra
569 2016 710 2087 terram,
730 2014 802 2073 nisi
822 2014 851 2073 ai
872 2016 986 2072 datum
1006 2014 1115 2073 fuerit
1134 2016 1171 2072 da
1191 2015 1296 2084 caelo,

157 2115 187 2168 et
208 2109 329 2169 Paulus:
358 2109 438 2183 quid
461 2110 579 2180 habas,
604 2109 708 2183 inquit,
733 2110 819 2183 quod
844 2128 909 2168 non
934 2109 1123 2184 accepisti?
1150 2109 1180 2168 si
1203 2127 1296 2169 acce·

157 2204 258 2278 pisti,
279 2223 338 2265 cur
356 2204 538 2279 gloriaris,
559 2205 660 2279 quasi
679 2222 746 2264 nun
766 2206 961 2280 acceperis?
983 2209 1035 2265 otc.

103 2321 131 2358 ao
200 2301 300 2375 Itaque
320 2301 345 2359 si
366 2301 430 2374 quis
451 2319 529 2360 nunc
548 2301 724 2360 exacerbarit
743 2303 839 2371 deum,
863 2301 955 2377 Moysi
979 2301 1106 2360 imitetur
1126 2300 1295 2374 exemplum,

157 2395 206 2469 qui
222 2396 409 2455 dubitationis
424 2396 535 2470 culpam
550 2396 745 2471 paenitentiae
764 2399 793 2454 et
812 2397 982 2455 humilitatis
1002 2395 1199 2455 satisfactione
1219 2395 1294 2454 dele·

157 2491 209 2550 uit.
229 2491 255 2550 si
270 2491 413 2566 sacrilegii
429 2492 494 2566 quis
510 2492 615 2551 crimen
631 2492 763 2564 incurrit,
780 2492 907 2551 imitetur
918 2493 1025 2563 Aaron,
1041 2492 1090 2566 qui
1104 2490 1294 2552 confessionis

157 2588 186 2644 et
201 2587 371 2646 humilitatis
386 2605 436 2662 par
451 2588 598 2648 medellam
614 2588 856 2663 transgressionis
868 2587 999 2662 expiatus
1011 2588 1128 2646 crimine
1145 2587 1296 2647 sacerdotii

157 2681 261 2741 meruit
279 2683 480 2758 principatum.
513 2684 537 2742 si
553 2683 619 2757 quis
638 2683 808 2743 adulterium
827 2686 855 2743 et
870 2683 1050 2744 homicidium
1070 2681 1179 2754 facerit,
1199 2682 1294 2742 consi·

103 2797 130 2837 aa
157 2777 236 2836 deret
253 2779 345 2837 Dauid
366 2781 395 2838 at
413 2783 481 2854 agat
500 2778 707 2854 paenitentiam
721 2781 807 2852 atque
823 2778 1007 2838 medicamine
1023 2796 1113 2837 sanus
1129 2778 1248 2838 allectus
1263 2777 1295 2836 in

157 2872 201 2932 dei
221 2873 322 2934 timore
341 2877 516 2949 permaneat.
548 2875 572 2933 si
588 2874 654 2948 quis
670 2874 701 2933 in
717 2873 896 2934 confessione
911 2873 1000 2933 fuerit
1015 2874 1110 2933 uictus
1125 2876 1154 2933 et
1168 2877 1295 2933 tormen·

157 2968 196 3027 tia
215 2971 318 3030 cedens
338 2970 401 3029 fidei
421 2969 565 3030 exstiterit
584 2969 721 3045 proditor,
741 2970 821 3030 Patri
837 2970 886 3045 qui
906 2970 1025 3046 negauit
1038 2969 1165 3029 imitator
1180 2969 1294 3029 existat.

157 3082 290 3139 egressus
309 3065 386 3127 iores
406 3066 434 3125 id
454 3068 499 3125 est
519 3083 652 3142 agressm
673 3084 690 3124 a
709 3065 828 3141 perfidia
843 3066 910 3126 fleat
924 3067 1059 3126 amariter
1074 3070 1103 3126 et
1118 3068 1246 3127 recurrat
1259 3068 1295 3126 ad

261 3271 290 3340 a]
308 3271 323 3325 1
341 3270 400 3328 cor.
415 3275 456 3335 15,
469 3275 493 3328 e.
567 3271 612 3341 ra]
631 3271 800 3335 1111111111.
874 3272 918 3341 15]
936 3271 1048 3326 ranem
1063 3274 1103 3327 14.
1175 3271 1295 3340 161111.

156 3357 236 3422 aar.
292 3358 336 3427 re]
354 3358 369 3412 1
387 3357 484 3422 0111,
499 3360 538 3414 m.

201 3560 437 3626 lpersequtorf
501 3559 738 3626 2persequtusf
803 3555 1011 3621 aecclessiamf
1073 3556 1294 3610 misecricordiam

157 3649 356 3713 consequtusf
420 3644 622 3713 6dilinquitf
678 3644 899 3713 8penitentiaf
963 3648 991 3699 ll
1013 3643 1132 3698 saluatur
1150 3648 1198 3697 eto
1218 3646 1293 3699 Mar.

160 3733 191 3787 12
209 3734 340 3795 110st
403 3731 520 3799 13111,
539 3733 709 3799 aequalior.
770 3732 801 3786 14
820 3730 984 3784 misseruntis
1002 3738 1033 3798 f,
1052 3730 1200 3783 miserentis
1219 3732 1293 3786 Mur.

159 3819 190 3874 15
210 3818 342 3872 missareri
363 3825 386 3881 f
439 3817 571 3886 apostolos
583 3820 657 3873 Mur.
715 3820 746 3872 16
764 3818 830 3871 item
848 3816 1047 3870 lohannes-de
1066 3817 1136 3870 caelo
1154 3836 1205 3874 ona
1219 3819 1293 3873 Mur.

158 3903 320 3968 iohannief
392 3907 423 3960 18
447 3904 585 3972 inquidf
655 3903 774 3973 accipieti
797 3904 820 3957 si
843 3903 1004 3973 accipistis
1070 3906 1102 3959 19
1120 3904 1245 3971 acciperis
1262 3912 1294 3972 f,

157 3990 287 4061 acceperis
310 3996 359 4045 etc.
379 3992 453 4046 Mur.
519 3993 553 4046 20
572 4007 642 4045 nunc
661 4009 711 4048 om.
731 3993 805 4046 Mur.
872 3991 1034 4045 exaceruarit
1050 3997 1082 4058 f,
1100 3989 1295 4045 exacerbauerit

157 4081 233 4134 Mur.
307 4079 375 4148 mysi
399 4079 568 4142 ernitaturf
638 4079 672 4132 22
694 4094 800 4131 cremera
817 4085 841 4141 ,f
858 4083 883 4132 et
900 4079 978 4146 infra
1048 4076 1173 4130 eminam
1190 4084 1295 4142 aron}

157 4167 191 4222 23
209 4164 339 4219 medelam
353 4167 426 4221 Mar.
480 4167 514 4219 24
527 4163 765 4228 111ηεί1111111ᾱὲ
817 4168 852 4219 26
870 4165 965 4217 timore
978 4162 1020 4216 dei
1033 4165 1107 4218 Mur.
1159 4165 1193 4218 27
1212 4168 1295 4218 erste-

156 4252 260 4316 teritf
313 4252 436 4306 emitatur
454 4251 590 4315 existat-f
