3036 4770
603 326 750 396 epistula
766 326 828 391 XII,
848 343 862 382 c
883 331 959 383 5-7.
1310 310 1352 374 79

211 503 391 568 uiolabilem
415 501 693 586 inpassibilemque
720 507 865 567 naturam
895 507 1048 587 propter
1077 521 1142 568 nos
1173 507 1290 585 tamen,
1318 509 1354 569 ut

156 682 157 686 Ἰ
212 608 437 690 scriptumest,
460 611 654 689 peccatum
670 608 829 689 faciens,
852 608 882 672 iu
899 612 947 673 est
962 612 1157 691 peccatorem
1172 611 1353 692 susceptum

210 712 243 777 in
270 713 372 776 forma
399 712 481 775 serui
508 730 630 794 gerens.
658 713 782 776 factus
810 712 906 776 euim
934 717 991 777 est
1017 730 1082 795 pro
1109 711 1215 777 nobis
1243 713 1354 777 male·

211 817 366 896 dictum,
390 819 430 879 ut
450 834 516 880 nos
539 817 740 881 maledicto
762 817 859 900 logis
882 799 1110 891 absolueret
1134 817 1177 881 de
1199 820 1353 900 peccato

169 949 184 990 s
211 921 404 985 damnauit
430 922 638 1004 peccatum,
665 921 696 985 iu
725 924 773 986 est
798 921 918 1003 peccati
945 923 1120 1001 materiam,
1148 940 1229 1003 quae
1252 922 1354 985 adhuc

212 1027 244 1090 in
271 1027 326 1089 illa
347 1024 435 1089 Adae
461 1043 555 1089 carne
582 1025 720 1106 uiuebat,
748 1026 780 1089 iu
807 1027 876 1108 ipsa
906 1044 1001 1108 quam
1024 1027 1180 1109 suscipere
1208 1026 1353 1110 diguatus

212 1135 260 1195 est
282 1130 370 1194 Adae
394 1147 486 1193 carne
508 1131 669 1204 uacuauit3
683 1149 729 1194 xac
752 1131 796 1194 sic
818 1130 972 1212 parietem
994 1131 1070 1195 ualli
1092 1131 1152 1195 hoc
1175 1135 1223 1195 est
1245 1149 1354 1214 pecca-

211 1240 289 1315 tum,
313 1234 395 1317 quod
416 1234 498 1298 iuter
521 1229 578 1298 uos
603 1238 634 1298 et
649 1235 743 1299 deum
763 1235 939 1319 separabat,
963 1236 1127 1300 destruens
1143 1236 1234 1300 fecit
1256 1239 1354 1301 utra·

212 1358 280 1422 que
314 1357 440 1419 uuum,
475 1356 537 1402 non
568 1340 669 1403 solum
700 1342 735 1403 ut
764 1340 950 1403 Iudaeorum
982 1344 1013 1404 et
1042 1340 1184 1424 gentium
1213 1339 1290 1404 fides
1320 1340 1354 1404 in

159 1470 185 1510 ιο
213 1443 337 1509 Christo
360 1445 464 1524 coiret,
493 1445 547 1508 sed
570 1446 605 1507 ut
627 1444 660 1507 in
683 1461 868 1526 unoquoque
892 1449 1044 1525 nostrum,
1072 1445 1125 1526 qui
1147 1445 1354 1525 crederemus,

211 1551 324 1612 natura
350 1549 411 1612 sibi
437 1553 545 1613 nostra
571 1551 757 1631 congrueret
784 1552 815 1612 et
842 1549 1004 1628 discordia,
1032 1566 1112 1630 quae
1138 1548 1224 1631 prius
1247 1567 1355 1612 uersa·

211 1652 303 1716 batur
325 1653 358 1716 in
380 1653 480 1733 nobiS,
504 1672 577 1717 cum
593 1654 725 1736 spiritali
741 1653 866 1717 affectui
886 1653 1019 1717 carnalis
1035 1653 1141 1716 anima
1155 1656 1354 1736 repugnaret,

212 1776 287 1840 pace
314 1756 385 1821 fidei
412 1760 595 1823 solueretur.
624 1777 707 1823 nunc
736 1759 819 1822 enim
846 1759 966 1822 bellurn
988 1758 1066 1821 illud
1088 1758 1265 1840 antiquum,
1293 1775 1354 1840 quo

211 1864 260 1926 lex
282 1863 403 1945 pcccati
425 1863 623 1946 repugnabat
644 1863 709 1947 legi
730 1864 789 1943 dei,
813 1861 955 1928 aboletur
970 1863 1001 1925 in
1018 1861 1152 1942 Christo,
1175 1881 1248 1925 cum
1263 1863 1355 1946 spiri·

161 1993 187 2034 11
213 1969 263 2030 tus
291 1967 348 2030 deo
376 1968 516 2031 seruiens
544 1967 708 2031 subactam
737 1966 797 2031 sibi
823 1968 962 2031 animam
989 1966 1049 2030 fide
1074 1969 1229 2050 temporat
1253 1970 1284 2030 et
1307 1967 1356 2031 ui-

213 2071 317 2135 cissim
334 2071 473 2135 animam
489 2073 545 2136 deo
561 2073 752 2137 seruientem
768 2072 800 2135 in
817 2089 909 2135 omne
925 2071 1110 2153 obsequium
1126 2089 1197 2135 caro
1209 2071 1356 2135 ministra

213 2175 387 2239 comitatur.

256 2278 285 2343 7.
310 2277 412 2358 Quam
435 2279 474 2344 ob
498 2298 564 2343 rem
588 2280 706 2345 domini
727 2281 872 2362 passione
888 2283 920 2344 et
934 2280 1159 2345 resurrectione
1175 2298 1237 2344 non
1254 2280 1355 2344 solum

213 2384 251 2446 ad
275 2402 364 2466 spem
388 2401 424 2448 ec
445 2383 541 2448 fidem
563 2385 816 2449 ressurrectionis
841 2385 1036 2465 instruimur,
1060 2389 1095 2449 ut
1112 2403 1174 2449 non
1189 2386 1256 2449 sola
1271 2402 1356 2449 reso-

160 2516 187 2555 so
212 2488 331 2551 lutioue
362 2489 487 2568 carnali,
518 2489 573 2553 sed
604 2492 635 2553 et
665 2490 843 2554 uoluntaria
873 2489 911 2553 ab
936 2487 1002 2553 'hoo
1029 2490 1153 2554 saeculo
1180 2491 1355 2553 recessione

214 2593 292 2656 mori
316 2593 496 2656 nouerimus
520 2596 552 2657 et
574 2593 734 2657 moriendo
753 2613 809 2676 per
829 2592 922 2657 fidem
939 2594 1011 2657 huic
1028 2594 1143 2658 mundo
1159 2593 1355 2658 uiuificemur

213 2697 280 2760 deo.
309 2697 375 2760 uita
402 2696 485 2760 enim
512 2698 606 2762 huius
634 2698 744 2761 mundi
771 2698 873 2762 amica
899 2717 983 2762 mors
1007 2699 1129 2762 animae
1153 2703 1209 2762 est.
1234 2697 1274 2762 ob
1296 2698 1356 2762 hoc

213 2800 302 2865 uobis
319 2803 477 2884 apostolus
494 2802 582 2865 dicit:
606 2801 835 2866 mortificate
858 2803 893 2890 in
917 2805 1018 2866 terra
1039 2802 1204 2867 membra
1218 2806 1354 2866 uestra.

213 2906 325 2969 cotidie
345 2924 378 2969 se
401 2905 467 2988 ipse
483 2908 617 2970 testatur
632 2906 721 2986 mori,
744 2906 903 2970 liuidum
926 2907 1070 2971 iaciens
1093 2924 1226 2990 corpus
1250 2926 1355 2971 suurn

159 3036 187 3076 ss
214 3013 250 3072 et
272 3009 501 3073 obliuisceus
526 3027 617 3091 quae
639 3013 738 3075 retro
761 3014 847 3075 sunt
874 3015 985 3094 atque
1008 3012 1045 3075 in
1068 3011 1192 3094 priora
1215 3030 1252 3076 se
1275 3029 1355 3094 por-

213 3115 349 3196 rigens.
387 3114 420 3177 iu
451 3132 510 3195 quo
540 3114 753 3178 humilitatem
783 3115 899 3197 pariter
934 3120 965 3179 et
996 3115 1221 3180 sublimitatem
1255 3115 1355 3196 docet,

215 3219 287 3300 quia
318 3218 435 3282 conteri
465 3236 577 3300 corpus
611 3219 678 3283 sine
712 3220 898 3284 hmilitatis
932 3221 1042 3305 spiritu
1073 3239 1136 3284 non
1165 3224 1269 3305 potest
1298 3239 1356 3284 nec

215 3323 321 3386 anima
353 3323 386 3387 in
423 3323 570 3387 caelestia
607 3342 734 3407 surgere
767 3325 828 3388 nisi
861 3324 1098 3390 mortificatione
1132 3325 1355 3390 membrorum.

318 3460 346 3529 a]
366 3459 424 3515 ou.
439 3463 463 3523 a,
479 3462 518 3515 13.
572 3461 600 3530 4]
620 3460 772 3526 nones.
830 3463 858 3531 a]
877 3462 944 3531 spu.
958 3465 982 3527 a,
997 3465 1036 3518 14.
1101 3463 1145 3532 14]
1165 3462 1251 3529 (som.
1265 3466 1289 3528 1,
1301 3463 1354 3532 21).

214 3548 259 3617 aa]
280 3547 335 3602 σοι.
349 3549 373 3613 s,
386 3550 409 3602 5.
464 3546 706 3617 1111111111.
760 3549 805 3618 25]
826 3549 894 3604 Pau.
908 3552 932 3614 a,
947 3552 986 3605 13.

257 3672 273 3725 2
292 3670 405 3739 iaciens]
424 3670 511 3724 factus
531 3671 629 3736 Schot,
649 3687 676 3724 se
695 3670 794 3724 faciens
813 3673 882 3727 coci.
897 3672 990 3728 Soccb.
1053 3676 1191 3740 peccatum
1211 3675 1267 3737 (um
1286 3689 1354 3728 corr.

214 3759 251 3826 L)
269 3756 335 3813 LO¹
390 3757 526 3812 ‘ellectum
538 3757 623 3814 FPU
673 3757 796 3810 ostenim
810 3759 902 3813 ΗΜ
949 3758 1218 3813 4111111111111111
1266 3762 1355 3826 5psc-

215 3845 267 3897 ceti
286 3862 337 3901 om.
357 3844 422 3898 ΕΜ
471 3844 656 3900 7111111110
708 3843 855 3900 sonmo
909 3848 941 3900 lo
960 3848 991 3899 ut
1008 3864 1059 3901 om.
1079 3846 1163 3901 FPU
1218 3847 1357 3900 1111111-

214 3931 294 3985 batur
315 3933 342 3987 U
401 3934 433 3986 12
452 3931 547 3984 affectu
570 3932 620 3987 UO
673 3930 780 4002 animata
799 3933 826 3986 L
890 3931 1029 3988 141111]
1077 3932 1135 4000 lega
1153 3932 1184 3986 F
1239 3930 1356 3985 abolere·

215 4021 259 4072 tur
277 4018 307 4073 F
369 4017 443 4071 cuius
462 4018 546 4074 FPU
608 4021 639 4073 17
659 4018 816 4072 comittatur
833 4019 896 4087 FP,
914 4018 1073 4072 coririotstur
1095 4021 1121 4075 U
1190 4021 1222 4074 18
1240 4035 1356 4072 resurre-

216 4105 287 4159 sione
300 4107 357 4162 Uet
366 4107 444 4173 infra
497 4107 529 4160 lo
540 4105 700 4158 instruimur
710 4105 755 4158 sed
765 4109 791 4159 11
801 4105 980 4159 informamur
991 4109 1055 4174 fort.
1104 4108 1135 4158 ut
1151 4106 1202 4174 Oo,
1211 4104 1257 4159 sed
1270 4108 1301 4159 ut
1309 4113 1355 4162 cet.

216 4192 387 4261 resolutione]
406 4192 598 4245 resurrectione
616 4192 708 4247 FLM
765 4195 799 4247 20
818 4196 844 4246 11
862 4211 915 4247 oro.
931 4194 1018 4249 FLU
1071 4195 1105 4247 22
1123 4192 1212 4263 anime
1231 4190 1279 4263 uit]
1298 4194 1356 4259 (sed

216 4279 263 4349 msc
281 4285 346 4333 oa.2
364 4280 426 4341 del.)
444 4280 480 4333 M
529 4279 964 4347 2411111110,11111111111111.
1018 4278 1143 4348 liuidum]
1158 4278 1260 4333 nudum
1273 4280 1359 4336 FPU
