3036 4770
523 333 669 401 epistula
685 331 793 395 XXXX,
812 349 833 386 c.
847 334 923 387 6-7.
1234 315 1297 380 347

154 509 287 590 positam
305 508 430 588 diceret,
453 526 548 590 quam
570 508 764 590 appellamus
785 511 941 587 noctuam,
966 509 1039 589 qnia
1058 511 1177 572 secreto
1199 508 1298 573 nocti·

155 612 213 676 bns
237 616 348 677 cantus
372 616 514 677 exerceat
537 616 569 676 et
590 612 714 676 uolatus
738 615 770 675 et
791 610 981 676 obscuritate
1003 611 1214 692 tenebrarum,
1237 630 1298 693 qna

155 717 219 780 fere
239 721 352 781 cuncta¹
370 717 510 800 caligant
531 715 686 796 animalia,
707 715 893 791 luminatum
917 716 998 780 unde
1022 714 1179 798 nycticora
1194 716 1298 798 aptius

155 838 249 902 qnam
267 822 443 903 nycticorax
459 821 580 901 dicitnr,
602 822 676 903 qnia
692 821 867 904 nycticorax
888 823 1058 885 nocturnus
1075 838 1186 886 coruus
1201 821 1298 885 inter-

113 952 128 991 3
155 926 288 1007 prelatio
319 928 377 1006 331,
408 926 568 1008 nycticora
596 930 703 989 autem
734 928 824 989 nocte
854 925 975 1004 uidens,
1008 943 1044 988 eo
1072 925 1153 1006 qnod
1180 925 1299 1007 pupilla

155 1029 236 1093 oculi
257 1032 326 1108 κόρη
350 1028 478 1095 Graecis
506 1033 642 1095 uocetur.
682 1029 760 1093 nibil
788 1033 894 1093 autem
918 1033 1066 1094 noctuam
1090 1029 1190 1093 simile
1214 1030 1299 1095 corui

154 1133 269 1197 habere
293 1134 497 1198 manifestum
521 1137 577 1198 est.
616 1152 706 1216 porro
729 1135 929 1216 perspicuum
952 1152 1033 1214 eam,
1060 1134 1190 1214 3131131,
1218 1135 1299 1197 sicut

154 1238 306 1319 quasdam
330 1239 406 1302 alias
431 1256 505 1302 3333
528 1239 628 1303 333113
651 1239 683 1301 13
707 1238 843 1302 tenebris
869 1238 970 1321 magis
993 1256 1118 1302 cernere
1142 1237 1228 1302 etin
1250 1239 1298 1301 ln·

154 1343 238 1405 mine
261 1343 425 1423 caecutire,
456 1346 579 1406 noctem
603 1341 810 1424 (1131333311,
841 1344 945 1406 lucem
971 1341 1114 1407 noctibus
1137 1359 1297 1425 usurpare

102 1473 129 1511 lo
200 1444 228 1508 7.
251 1445 343 1509 Nunc
366 1464 450 1529 ergo,
473 1445 628 1510 benedicti
651 1447 724 1526 mei,
753 1447 857 1510 uidete
880 1447 1012 1529 qualiter
1034 1447 1111 1510 haec
1135 1447 1202 1509 anis
1226 1464 1299 1510 con-

154 1552 247 1631 grnat
282 1550 321 1612 ad
354 1567 525 1632 pauperem
560 1554 717 1614 maestum
751 1551 810 1616 hoc
845 1553 894 1614 est
924 1551 1153 1633 paenitentem,
1187 1549 1298 1633 opibus

154 1654 271 1735 gratiae
293 1659 501 1736 pauperatum
525 1660 556 1719 et
579 1656 702 1720 conscia
725 1657 911 1720 miserorum
934 1656 1080 1738 lapsuum
1104 1660 1209 1720 mente
1232 1656 1299 1738 glo·

153 1758 218 1820 riae
234 1776 309 1822 suae
325 1759 440 1822 damna
455 1760 618 1843 lugentem
639 1764 671 1824 et
689 1758 899 1824 adflictatione
915 1759 1086 1824 miserabili
1102 1759 1297 1823 laborantem

154 1861 187 1924 in
206 1862 327 1944 gemitu
350 1880 406 1926 suo
430 1867 462 1927 et
481 1864 519 1927 de
538 1865 681 1946 propriae
703 1865 805 1928 carnis
828 1864 958 1928 interitu
980 1864 1080 1928 uitem
1103 1863 1226 1927 animae
1249 1882 1298 1927 re-

101 1991 127 2031 3
155 1966 254 2047 cipere
281 1967 437 2031 nitentem
459 1987 575 2050 perque
603 1969 780 2033 orationum
807 1968 955 2051 inpendia
981 1972 1013 2031 et
1034 1968 1210 2051 gemituum
1233 1967 1298 2031 suf-

155 2068 253 2153 fragia
277 2071 445 2136 ambitiosa
470 2072 672 2136 lacrimarum
699 2073 882 2136 uulneratae
905 2072 1015 2137 3313113
1037 2073 1177 2136 remedia
1202 2090 1298 2154 quae·

155 2178 285 2238 rentem.
325 2193 419 2257 quam
447 2180 521 2258 apte
547 2177 727 2241 huiusmodi
753 2195 871 2258 pauper
897 2179 1042 2258 peccator
1064 2175 1220 2260 Aegyptia
1247 2178 1296 2240 331

156 2281 308 2342 33313333
338 2279 405 2343 3313
434 2280 560 2344 dieitur!
600 2281 715 2344 etenim
743 2281 825 2363 qnod
856 2300 889 2344 se
921 2281 960 2343 ad
990 2279 1132 2344 deflenda
1164 2283 1195 2344 et
1225 2299 1299 2345 con-

155 2380 272 2445 fitenda
290 2385 418 2464 peccata
437 2387 593 2447 secretum
613 2402 632 2448 a
652 2385 811 2449 communi
832 2384 982 2448 ecelesiae
1001 2387 1092 2449 33313
1110 2384 1297 2467 intraerga-

100 2512 128 2551 33
156 2486 273 2549 stolum
296 2487 426 2550 cellulae
449 2506 524 2551 snae
548 2493 686 2553 maestus
710 2489 841 2552 includit
860 2493 892 2552 et
912 2489 1076 2571 elongatur
1096 2487 1209 2552 abhoc
1229 2505 1297 2551 sae-

155 2589 223 2653 3313
253 2590 387 2672 fugiens,
422 2595 457 2655 31
490 2596 618 2656 maneat
650 2594 683 2657 13
717 2592 882 2657 solitudine
916 2592 1136 2674 deplorationis
1171 2596 1203 2656 31
1235 2592 1298 2655 illic

155 2692 305 2757 aduersus
328 2695 430 2758 333313
453 2713 528 2759 3333
551 2696 703 2760 desideria
728 2695 875 2780 confligat
897 2701 928 2761 31
949 2697 982 2760 13
1004 2699 1133 2779 peccata
1155 2713 1212 2759 sua
1234 2695 1298 2777 spi·

154 2798 237 2862 ritali
264 2799 435 2863 certamine
462 2801 651 2864 conterenda
678 2802 845 2884 depugnet,
876 2805 959 2866 33313
988 2805 1019 2865 31
1041 2799 1219 2864 habitaculo
1241 2817 1297 2882 pa·

154 2902 229 2966 riter
259 2905 290 2966 et
316 2904 432 2985 proelio
458 2903 496 2967 fit
528 2904 666 2968 similis
695 2906 866 2987 pelicano
896 2905 1117 2970 solitudinis
1148 2907 1180 2967 ct
1208 2904 1296 2967 illam

97 3032 127 3072 33
154 3006 315 3071 inimicam
335 3008 531 3089 serpentibus
553 3009 711 3073 uolucrem
732 3009 792 3091 ipsi
811 3009 934 3074 diabolo
954 3013 985 3073 31
999 3007 1193 3091 principibus
1209 3012 1297 3073 tene·

200 3178 319 3234 lnoetis
336 3181 400 3248 fort.
454 3179 651 3250 3niticoraM,
669 3181 797 3235 nicticora
815 3187 861 3237 331.
915 3182 1090 3236 43131133333
1103 3183 1296 3250 333333311-

155 3281 231 3319 corax
249 3266 287 3330 r¹‚
301 3266 452 3320 nocticorax
470 3267 582 3324 FLPU
643 3268 788 3322 nicticorax
804 3269 872 3336 ΕΜ,
886 3269 1149 3333 nicticoraFPUdt
1213 3268 1296 3321 inter-

154 3355 275 3421 pretatur
293 3353 359 3408 LM
407 3353 602 3409 53131133333
655 3355 721 3424 pupi
739 3354 791 3458 maai
801 3374 817 3410 r
869 3358 962 3411 63333
981 3356 1132 3424 ΕΜβλνχ,
1152 3371 1197 3409 cor
1214 3355 1299 3410 FPU

154 3481 231 3533 grece
244 3466 279 3533 L,
298 3465 426 3534 agraecis
445 3467 530 3522 FPU
586 3469 736 3520 33331331
789 3483 847 3520 eam
866 3468 950 3535 (mm.
964 3469 992 3535 2)
1005 3487 1027 3536 χ
1079 3466 1248 3535 8quosdam
1266 3467 1297 3522 r¹

154 3556 171 3608 9
190 3553 332 3607 3333311133
350 3572 373 3619 3,
392 3556 513 3624 33331333
532 3554 567 3617 L,
586 3570 675 3607 cecare
694 3553 822 3623 ΕΜΓ,
841 3554 975 3623 33333311(
993 3556 1042 3609 31.
1096 3557 1127 3609 12
1146 3553 1250 3623 lapsum
1273 3555 1300 3609 U

154 3668 271 3718 mentem
290 3667 306 3717 1
360 3664 616 3732 133113131133311,
634 3665 796 3720 aiflicatione
812 3669 840 3723 U
891 3671 922 3723 15
935 3633 1094 3735 gemitninl
1112 3667 1134 3735 (¹¹
1152 3685 1186 3721 m.
1198 3666 1235 3734 2),
1254 3666 1294 3719 in·

154 3753 275 3820 gentium
288 3753 409 3820 FPUrx
462 3753 588 3821 suffragia
601 3756 627 3805 et
639 3752 811 3806 ambitionem
829 3756 873 3809 uel
891 3753 1038 3823 patrocinia
1056 3757 1083 3806 et
1100 3752 1227 3822 suffragia
1240 3769 1295 3806 am·

153 3838 251 3891 biliosa
269 3841 338 3895 coni.
354 3840 446 3896 Saccb.
502 3842 533 3895 17
552 3838 704 3892 huiusmodi
724 3841 770 3894 sed
788 3840 860 3893 modi
876 3843 891 3893 1
910 3844 974 3895 332
1019 3855 1120 3908 pauper
1137 3858 1187 3896 cm.
1200 3838 1252 3907 75¹,-
1269 3842 1297 3892 31

155 3926 217 3979 add.
229 3927 289 3990 313
307 3925 362 3992 (sed
374 3929 401 3979 et
414 3944 481 3982 corr.
494 3925 528 3994 3),
541 3925 585 3979 uel
598 3927 661 3980 add.
675 3928 716 3994 M,
729 3929 776 3980 331
788 3927 851 3981 odd.
864 3928 891 3980 L
943 3926 997 3995 nel]
1011 3929 1058 3980 aut
1070 3927 1155 3982 FPU
1205 3929 1238 3982 18
1256 3927 1295 3978 et

155 4012 225 4065 enim
244 4012 315 4080 qnod
336 4013 490 4081 asscripsi,
508 4011 581 4065 3113
601 4012 671 4079 quod
690 4029 717 4065 se
735 4016 782 4081 fil,
800 4013 874 4066 3113
892 4029 943 4080 qno
962 4029 989 4066 se
1008 4013 1140 4081 FPUrx,
1158 4012 1204 4080 qui
1223 4012 1294 4065 enim

155 4114 182 4151 se
199 4100 237 4153 M
248 4099 350 4169 chiffl„
369 4099 414 4166 qui
433 4116 461 4152 33
479 4099 550 4153 enim
569 4101 596 4153 L
651 4103 683 4155 19
703 4116 841 4153 secernens
859 4101 925 4154 LM
935 4099 1027 4169 0111111.
1081 4099 1164 4168 intra]
1176 4100 1250 4153 iuxta
1262 4100 1300 4154 M

154 4187 188 4240 20
206 4185 345 4254 elongatus
363 4186 511 4254 FUdtrx,
529 4185 680 4254 ellongatus
699 4189 725 4241 P
793 4189 823 4242 21
845 4189 872 4240 et
890 4186 996 4254 lugiens
1013 4189 1051 4249 βλ
1115 4189 1149 4241 23
1167 4188 1237 4241 33313
1255 4187 1295 4258 31]

155 4274 238 4325 certet
255 4272 340 4329 FPU
389 4275 423 4328 24
441 4272 571 4341 pellicano
590 4274 736 4330 FLMPU
784 4276 817 4329 25
837 4273 888 4341 ipsi
906 4272 1008 4327 33111331
1025 4274 1090 4328 LM
